2950 5084
570 252 720 346 ‚2⁵-

77 429 153 498 ὑπό
176 444 259 508 τοῖς1
275 433 390 508 κόλοις
418 438 562 497 iacentem
591 433 713 518 credi1).
758 438 852 498 Porro
873 436 1020 497 Cratetem
1049 455 1116 497 cum
1142 437 1202 498 Me·
1302 500 1304 506 ,

79 548 205 609 nelanm
227 547 264 608 ah
290 533 420 607 Homero
441 565 496 626 por
518 549 626 608 lretum
649 549 824 611 Gaditanum
845 563 938 626 usque
967 549 996 607 in
1016 547 1128 607 Indiam
1151 567 1202 608 na-

78 661 204 735 uigasse
232 659 333 718 lictum
363 675 427 718 esse
453 657 599 739 putaret2)
629 677 688 719 non
712 661 823 719 cirrum
845 658 973 720 Africam
1001 693 1036 702 --
1069 659 1096 717 id
1124 660 1201 718 enim

79 771 205 847 putauit
223 768 317 828 Lehrs
337 768 496 828 Aristarch.
520 763 561 848 p.
575 769 637 830 217
664 805 699 814 -
725 770 776 830 scd
806 769 859 829 ah‘
873 770 985 829 oriente
1009 768 1045 827 ad
1068 768 1202 828 occiden-

79 888 145 939 tem
178 897 283 940 uersus
312 885 421 939 terram
451 879 487 938 ab
518 898 554 940 eo
583 881 866 958 circumnauigatam
895 895 958 939 csse
988 880 1131 955 cogitasse
1152 897 1202 956 ap·
1237 918 1240 924 ·

79 991 182 1068 prime
204 991 348 1064 sagaciter
373 992 539 1067 suspicatur
562 985 711 1052 Luebltert
732 1009 761 1068 p.
780 991 853 1066 437,
870 990 1012 1050 accedere
1038 995 1136 1049 autem
1160 989 1202 1048 di·

80 1103 124 1160 cit
155 1119 214 1179 quo
237 1101 356 1177 egregie
387 1099 549 1160 stabiliatur
575 1103 696 1179 suspitio
727 1101 805 1179 quod
837 1099 938 1160 Crates
957 1101 1100 1176 temporis
1122 1117 1202 1160 com·

80 1213 270 1289 putationem
290 1217 426 1271 accurate
447 1213 611 1289 respexisse
634 1218 781 1272 narretur.
826 1211 959 1289 Namque
982 1211 1006 1269 si
1022 1200 1123 1269 Crat'es
1142 1215 1204 1269 ter·

79 1339 137 1382 rae
173 1322 329 1381 circuitum
353 1321 414 1382 252
438 1321 550 1382 milium
572 1323 734 1382 stadiorum
761 1341 828 1382 cum
851 1321 1045 1381 Eratosthene
1070 1321 1203 1380 statuerit

80 1437 201 1510 septem
229 1423 282 1508 per
310 1449 384 1509 quos
402 1432 552 1492 Menelaus
580 1434 765 1509 namgauerit
797 1433 857 1494 360
880 1433 995 1492 dierum
1021 1449 1114 1490 annos
1134 1448 1202 1510 per-

82 1543 164 1602 lecte
186 1541 298 1620 expleri
321 1544 358 1602 ita
382 1549 415 1602 ut
438 1545 621 1604 existimetur
641 1545 796 1620 nauigasse
819 1544 935 1604 cottidie
956 1549 1079 1602 centena
1101 1542 1202 1628 stad-ia,

83 1652 186 1731 (quern
225 1671 381 1713 numerum
416 1655 583 1713 summatim
623 1655 869 1731 comprehensum
906 1654 1013 1713 Crateti
1043 1651 1200 1728 probatum

83 1781 153 1824 esse
176 1763 253 1823 haud
277 1762 440 1824 abhorrere
463 1782 479 1822 a
499 1764 780 1844 uerisimilitudine),¹
808 1783 862 1842 por
890 1763 1021 1842 reliquos
1043 1769 1140 1826 autem
1162 1762 1201 1822 35

82 1875 222 1934 dies'rcs
243 1873 332 1937 Phari
355 1881 451 1950 gestas
474 1891 538 1934 esse
562 1871 592 1953 (d
617 1875 678 1936 360
701 1893 761 1954 sq„
790 1873 851 1937 580
876 1874 946 1954 sq.)‚
981 1875 1078 1952 itaque
1106 1874 1202 1950 primo

83 1985 196 2044 cotani
220 1986 289 2044 anni
319 1985 365 2045 die
396 1985 532 2064 Spartam
562 1983 758 2064 aduenisse3).
805 1985 846 2045 lle
880 1991 1018 2062 quattuor
1052 1987 1201 2061 postremo

83 2096 170 2155 orbis
193 2101 292 2154 terrae
315 2095 486 2171 regionibus
508 2095 544 2154 ab
567 2095 698 2155 Homero
721 2113 742 2155 κ
767 2096 824 2155 teo
847 2094 1008 2154 Aristarchi
1038 2092 1200 2171 simplicem

84 2205 311 2282 explicationem
336 2206 384 2284 (cl.
400 2206 495 2266 Lehrs
513 2206 674 2283 Aristarch.
696 2225 725 2284 p.
748 2207 817 2285 177)
845 2210 1018 2283 aspernatus
1044 2205 1201 2279 cogitatum
1264 2258 1265 2262 ,

84 2335 152 2376 csse
178 2323 281 2375 narrat
305 2317 341 2375 cl.
373 2315 428 2392 lrg.
460 2316 479 2376 l.
508 2334 533 2376 s,
576 2317 638 2378 Nec
666 2319 763 2378 minus
796 2319 825 2377 in
848 2315 1062 2392 chorographia
1085 2333 1103 2373 a
1124 2315 1201 2373 ueri·

85 2433 145 2486 tate
168 2426 317 2486 aberrauit
346 2426 382 2486 ah
405 2427 534 2487 Homero
557 2447 578 2506 γ
602 2426 664 2490 293
693 2417 847 2506 scopulum
869 2427 1027 2505 Gortyniae
1050 2425 1096 2484 cui
1119 2425 1202 2483 Aco-

84 2532 153 2616 σήν
180 2555 289 2598 nomen
317 2544 393 2597 esset
427 2538 479 2617 [ct.
507 2537 608 2599 Hoech
636 2538 773 2607 distel,
806 2555 835 2615 p.
861 2537 923 2598 410
949 2538 1008 2614 sq.)
1037 2533 1092 2594 dici
1123 2533 1200 2594 arbi·
1303 2581 1305 2592 ,

84 2653 189 2708 tratus.
783 2667 785 2672 ¹

170 2783 267 2861 Pergo
279 2783 315 2843 ad
331 2803 363 2844 ea
381 2785 487 2863 quihus
501 2784 663 2845 Homerum
681 2789 885 2844 astronomum
902 2801 965 2843 esse
985 2782 1202 2842 demonstrasse

85 2894 142 2954 sibl
170 2894 251 2954 uisus
274 2897 326 2953 ost.
372 2893 415 2954 dh
439 2914 474 2954 oo
501 2895 590 2971 igitur
611 2913 671 2954 non
691 2895 779 2954 modo
802 2893 833 2953 Λ
855 2891 895 2952 32
919 2895 1046 2972 quinque
1070 2891 1202 2967 cingulos

85 2996 249 3083 ἀρκτικὸν
259 2995 578 3090 θερινὸνῖτροπικὸν
593 2997 789 3085 ἰσημερινὸν
809 2997 1006 3084 χειμηρινὸν
1022 2996 1201 3082 ἀνταρκτι-

86 3109 149 3174 κόν
183 3121 245 3174 tum
278 3109 465 3193 κολούρονς
484 3111 647 3194 γαλαξίαν
668 3107 832 3188 ζωδιακὸν
850 3105 1001 3194 ὁρίζοντα
1024 3114 1201 3188 significatos

86 3243 151 3285 esse
173 3223 273 3292 uoluit,
298 3225 348 3284 sed
371 3227 457 3285 etiam
478 3224 558 3304 μ62
578 3200 804 3284 αοαυνειῑααιάα
826 3221 992 3284 Pleiadihus
1008 3223 1171 3282 doctrinam
1180 3221 1201 3302 ⁴)

85 3396 315 3404 m--—-—..—..-..

173 3495 197 3560 1)
223 3495 322 3545 Stoicis
345 3497 473 3546 nimirum
496 3497 603 3561 placuit
618 3485 717 3560 ’Ἅιδην
741 3511 802 3545 esse
826 3487 876 3544 τὸν
899 3486 1045 3544 σκοτεινὸν
1068 3482 1141 3557 α’ἑρα
1165 3493 1201 3544 cl.
1240 3539 1245 3546 .

85 3581 205 3630 Phaedr.
227 3579 260 3630 dc
279 3585 336 3629 nat.
356 3581 431 3630 deor.
451 3581 503 3630 col.
521 3581 572 3643 111,
593 3579 617 3630 3.
655 3577 765 3628 Cornut.
784 3597 809 3643 p.
830 3578 862 3628 14
881 3579 923 3628 cd.
944 3579 1047 3628 Osann.

171 3691 198 3753 2)
223 3691 282 3752 Quo
301 3691 335 3740 de
358 3689 419 3740 loco
445 3691 509 3754 quid
531 3689 707 3739 Aristarchus
731 3689 870 3738 censuerit
888 3704 942 3738 non
966 3688 1035 3736 satis
1057 3687 1145 3752 liquet
1164 3689 1200 3738 ci.

86 3775 174 3826 Lehrs
192 3774 344 3826 Aristarch.
363 3791 389 3842 p.
407 3775 465 3825 255.
1202 3765 1208 3776 ’

170 3874 200 3934 3)
218 3876 258 3926 Ac
282 3878 372 3942 potuit
389 3877 531 3928 Luebbert
549 3875 727 3926 coniecturae
747 3889 814 3925 suae
833 3873 937 3940 aliquid
954 3873 1119 3926 firmamenti
1137 3875 1201 3924 inde

88 3961 244 4021 adstuxera,
266 3962 336 4024 quod
354 3961 452 4010 Strabo
471 3965 556 4026 negat
575 3959 697 4011 Cratetis
715 3961 871 4025 opinionem
889 3952 959 4024 πρὸς
977 3950 1133 4017 ὑποθέσεις
1150 3952 1202 4017 τὰς

86 4037 296 4112 μαθηματικαῖς
314 4046 409 4096 utilem
428 4061 489 4096 osse
510 4050 537 4094 et
550 4049 659 4096 constat
671 4045 864 4096 Eratosthenis
877 4049 968 4094 terrae
984 4045 1116 4094 circuitus
1128 4060 1200 4094 com-

86 4131 259 4198 putationem
278 4147 295 4180 a
313 4129 449 4181 Strabone
468 4147 494 4194 p.
513 4128 547 4180 63
565 4145 604 4194 sq.
624 4145 685 4180 esse
702 4131 845 4180 reiectam.

171 4231 198 4294 4)
217 4234 260 4281 De
279 4247 333 4296 qua
352 4232 387 4282 ci.
407 4231 493 4281 schol.
512 4231 589 4281 Aret.
607 4232 658 4281 254
675 4247 715 4296 sq.
740 4229 867 4281 Eustath.
886 4231 915 4278 in
933 4229 963 4280 Il.
983 4247 1008 4295 p.
1029 4229 1103 4293 1155,
1123 4229 1153 4280 51
1174 4235 1202 4281 et
1237 4185 1247 4204 Ι

88 4315 121 4365 56
139 4331 178 4379 sq.
200 4321 228 4364 et
245 4315 378 4366 Welclrcr
397 4315 558 4365 Griechtaclte
578 4316 753 4366 Goetterledre
771 4315 793 4378 Ι,
812 4331 837 4379 p.
856 4312 897 4364 69.
