2950 5084
457 173 829 310 ,Α-

85 399 126 478 (ἰό
143 400 220 479 qnod
244 407 288 462 est
310 401 424 480 ueruur)
443 408 472 481 et
492 401 677 463 Aristarchus
701 403 736 462 de
759 401 963 480 aequabilitate
985 403 1073 479 quoru
1101 401 1203 462 scribit

5 557 7 584 ,
84 509 249 580 uerborum
272 510 489 572 similitudinem
513 512 729 589 quodammodo
752 513 781 571 in
805 511 1001 572 declinatione
1023 513 1106 588 sequi
1121 511 1203 572 iubet

83 621 185 698 quoad
206 621 332 698 patiatur
348 621 539 682 consuetudo.
565 621 679 680 Varro
702 621 744 682 de
767 621 854 696 ling.
878 621 951 680 Lat.
969 619 1045 680 Vllll
1066 621 1079 678 1
1097 639 1125 697 μ.
1146 621 1200 680 197

83 729 253 790 Mueller.
1273 711 1276 722 ¹

172 841 190 898 5
224 833 316 918 Αὕτη
341 833 587 919 (ὀνοκενταύρα)
611 836 648 900 δὲ
670 839 765 912 ..είς
779 833 886 919 ἀκοήν
901 833 963 919 τήν
985 834 1068 919 ε’μήν
1089 836 1235 900 τοιάδεῧ

84 941 238 1028 ἀφίκετο.
286 942 472 1031 Ἀνθρεόπφ
500 943 537 1009 τὸ
564 944 747 1026 πρόσωπον
770 951 933 1010 εἴκασται·
972 936 1202 1029 περιέρχονται

84 1053 124 1118 δὲ
147 1051 230 1118 αὐτὸ
251 1057 388 1137 βαθεῖαι
408 1058 533 1138 τρίχες,
557 1054 720 1139 τράχήλός
742 1079 777 1118 τε
797 1051 864 1120 ὑπὸ
886 1059 933 1141 τῷ
955 1056 1124 1142 προσώπῳ
1147 1054 1203 1119 καί

83 1164 226 1248 στέρνα·
249 1163 344 1246 μαζοὶ
366 1164 403 1230 δέ
424 1163 564 1254 ήρμένοι
586 1163 642 1228 καλ
665 1164 749 1229 κατὰ
769 1167 830 1229 τοῦ
845 1165 993 1249 στήθους
1008 1165 1202 1248 ἐφεστῶτες,

84 1263 172 1356 ὦμοι
194 1274 231 1338 δὲ
254 1273 310 1337 καὶ
332 1277 508 1358 βραχίονες
530 1273 587 1338 καὶ
609 1273 741 1358 πήχεις,
765 1277 813 1340 ἔτι
836 1276 995 1359 δὲ’χεῖρες
1010 1272 1065 1338 καλ
1081 1276 1202 1358 στέρνα

84 1384 134 1459 είς
156 1379 246 1464 ίξύν,
270 1383 452 1448 καὶταῦτα
475 1381 687 1468 ἀνθρωπικά.
734 1384 827 1468 ῥάχις
849 1385 886 1448 δὲ
909 1383 965 1447 καὶ
988 1383 1131 1468 πλευραὶ
1146 1382 1202 1448 καὶ
1222 1389 1253 1438 10

83 1481 213 1576 γαστήρ
243 1491 300 1556 καλ
327 1492 427 1568 πόδες
456 1494 492 1558 οί
516 1492 658 1558 κατόπιν
686 1492 753 1580 όνφ
775 1493 831 1558 καλ
853 1493 942 1576 μάλα
965 1493 1095 1577 ἐμφερῆ
1102 1541 1111 1575 ,
1146 1491 1204 1556 καλ

83 1601 260 1686 τεφρεόδής
282 1601 355 1688 κατ’
381 1604 532 1678 ἐκείνους
553 1601 573 1686 ή
595 1602 695 1686 χρόα,
732 1600 773 1666 τὰ
795 1604 832 1668 δὲ
854 1599 920 1667 ὑπὸ
945 1615 1016 1678 ταῖς
1037 1602 1217 1686 λαπάραις»

82 1709 194 1795 ήσυχή
215 1715 442 1791 λενκανθίζει·
457 1713 506 1782 ,al
523 1725 630 1798 χεῖρες
652 1714 689 1776 δὲ
712 1714 797 1798 τῷδε
819 1710 957 1798 cpi-§piar
975 1714 1100 1796 διπλήν
1116 1733 1203 1794 παρ-

84 1821 199 1904 έχουσι
226 1825 358 1905 χρείαν·
403 1825 490 1894 ένθα
511 1823 574 1905 μὲν
595 1819 660 1906 γολρ
683 1823 805 1906 τάχονς
827 1823 895 1903 δεῖ,
925 1821 1112 1904 προθέουσι
1135 1825 1203 1885 τοῖν

84 1928 192 1996 ὀπίσω
216 1934 363 2012 σκελῶν,
398 1932 453 1996 καί
479 1935 548 2018 τάν
580 1935 708 1996 λοιπῶν
740 1931 956 2014 τετραπόδων
985 1928 1045 2014 οὐχ
1066 1928 1201 2014 ἡττᾶται
1223 1939 1253 1988 15

83 2037 146 2104 τὸν
167 2039 309 2125 δρόμον·
338 2041 391 2105 δεῖ
417 2041 454 2106 δὲ
481 2040 584 2105 πόλιν
605 2045 733 2127 τροφῆς
754 2037 776 2124 ή
798 2039 939 2126 ἀφελεῖν
960 2064 991 2104 τι
1013 2035 1035 2123 ή
1058 2041 1203 2105 καταθέ-

84 2156 168 2214 σθαι
188 2145 211 2232 ή
233 2153 417 2234 συλλαβεῖν
439 2149 495 2234 καὶ
516 2153 664 2234 σφίγξαι,
688 2150 744 2215 καλ
768 2153 803 2216 οί
821 2151 920 2226 πόδες
943 2152 978 2214 ol
995 2150 1075 2226 τέως
1097 2162 1203 2236 χεῖρες
1277 2169 1280 2176 ·

85 2260 243 2342 ἐγένοντο
266 2258 322 2324 καλ
345 2257 385 2324 οὐ
406 2261 549 2344 βαδίζει,
573 2259 720 2344 κάθηται
742 2260 789 2324 δέ.
819 2259 1024 2344 βαρύθυμον
1046 2261 1083 2324 δὲ
1107 2261 1202 2342 ίσχυ-

84 2373 153 2454 ρῶς
174 2367 211 2434 τδ
234 2368 318 2455 ζῷόν
342 2371 449 2434 ἐστιν·
475 2367 535 2434 έάν
556 2373 641 2453 γοῦν
663 2367 749 2456 ἁλῷ,
774 2371 933 2434 δουλείαν
954 2366 998 2452 μή
1023 2371 1130 2455 φέρον
1146 2368 1202 2433 καὶ

83 2483 144 2562 τῆς
170 2479 250 2554 τέως
279 2479 476 2563 ἐλευθερίας
502 2479 703 2563 γλιχόμενον
730 2478 862 2563 τροφήν
885 2477 1112 2559 ἀπέστραπται
1135 2483 1201 2542 πά-
1219 2487 1252 2537 20

83 2602 150 2653 σαν
167 2587 224 2652 καλ
240 2586 451 2672 ἀποθνήσκει
463 2592 558 2674 λιμῷ.
583 2589 791 2672 Πυθαγόρας
802 2591 889 2671 λέγει
905 2587 961 2652 καὶ
973 2585 1077 2652 codrot
1089 2585 1201 2672 ὥσπερ

83 2687 149 2763 οὖν
184 2710 359 2782 τεκμηριοῖ
391 2699 525 2786 Κράτής
560 2691 579 2762 δ
621 2699 658 2763 ἐκ
695 2702 756 2763 τοῦ
774 2701 968 2764 Μουσείου
1004 2697 1199 2783 Περγάμου.

83 2812 262 2872 Aelianus
285 2813 461 2872 denatur.
485 2814 590 2872 anim.
614 2812 691 2873 XVll
714 2814 743 2874 9.

170 2923 188 2982 6
223 2917 384 3000 Ἀμῶντες
413 2917 590 3003 ἄνθρωποι
619 2922 680 2982 τοῦ
706 2915 805 3002 ήλίου
827 2917 1096 3000 καταφλέγοντος
1117 2918 1199 3002 δίψῃ
1227 2909 1230 2917 ’
1298 2972 1305 2989 a

82 3027 287 3112 πιεζόμενοι,
311 3025 372 3092 τὸν
389 3025 538 3110 ἀριθμὸν
557 3028 735 3092 ἑκκαίδεκα
741 3075 750 3110 ,
766 3026 833 3092 Ιἕνα
856 3027 986 3092 ἑαυτῶν
1001 3025 1204 3107 ἀπέστειλαν,
1218 3037 1250 3086 25

83 3140 124 3202 ἐκ
154 3141 260 3220 πηγῆς
286 3137 482 3221 γειτνιώσης
509 3141 644 3220 κομίσαι
672 3136 775 3223 ὕδωρ.
821 3133 949 3202 οὐκοῦν
980 3133 998 3200 ὀ
1026 3135 1136 3200 ἀπιών
1163 3135 1200 3200 τὸ

151 3332 204 3377 a.1
223 3329 251 3377 id
268 3330 366 3394 quidem
383 3328 485 3376 uerbum
501 3323 545 3393 BH
557 3328 657 3378 uerbum
675 3330 717 3376 Ea
727 3323 740 3394 H
753 3332 817 3376 ante
832 3309 997 3376 Aristarchus
1011 3328 1082 3391 quod
1099 3327 1200 3392 legitur

81 3429 137 3464 ειιικ
160 3411 264 3461 deleuit
287 3412 407 3478 Spengel
425 3412 442 3460 l.
463 3427 485 3460 s.
516 3415 584 3476 qnod
602 3413 672 3462 coni.
691 3411 807 3460 Mueller
818 3407 830 3477 ΙΙ
843 3413 874 3460 de
893 3427 943 3459 om.
962 3412 988 3458 Η
1010 3407 1023 3476 ll
1045 3413 1199 3476 aequalitate

81 3497 148 3547 libri
166 3501 277 3562 praeter
294 3491 343 3562 Pl]
367 3513 438 3562 quom
454 3495 543 3545 scribit
561 3513 630 3546 corr.
649 3495 766 3546 Mueller
784 3511 832 3560 pro
851 3495 990 3546 conscribit
1011 3490 1025 3561 ll
1046 3513 1069 3543 ν.
1089 3499 1106 3543 2
1125 3501 1150 3544 et
1168 3496 1199 3544 σε

84 3587 149 3631 τεοῖο
167 3581 300 3630 uerborum
318 3581 449 3646 scriptum
473 3580 541 3628 eicit
559 3579 680 3644 Spengel
697 3579 715 3632 l.
734 3595 756 3628 s.
779 3575 792 3645 ss
814 3580 996 3628 similitudinem
1019 3580 1199 3642 praedamnando

82 3671 109 3715 in
128 3667 295 3714 declinatione
314 3679 384 3714 corr.
404 3663 524 3728 Spengel
542 3664 560 3712 l.
580 3679 602 3712 s.
622 3663 724 3713 collato
742 3664 865 3712 Varrone
883 3663 964 3712 VlIlI
982 3662 1035 3726 ap.
1051 3660 1099 3710 199
1111 3663 1197 3712 Muel-

82 3751 133 3799 ler.
157 3745 171 3816 ss
191 3750 427 3798 etozattudtnemfls
477 3749 675 3805 sirrn'litrtdineE¹
697 3744 710 3814 {l
733 3749 889 3813 quarundam
912 3748 953 3794 BF
1005 3749 1167 3811 arcaramdam
1183 3760 1200 3794 a

135 3835 289 3898 quorundam
302 3833 373 3896 uolg.
388 3848 469 3898 quam
482 3833 646 3896 scripturam
656 3833 726 3882 mira
744 3832 972 3896 interpretatione
990 3836 1082 3879 tuetur
1094 3831 1198 3880 Lersoh

82 3918 150 3982 ling.
169 3917 267 3983 philos,
286 3917 300 3965 1
318 3933 343 3980 p.
362 3913 418 3984 6711
434 3918 609 3966 irrclinatianea
626 3916 691 3965 libri
710 3931 803 3966 ornnes
821 3932 870 3982 pro
889 3919 913 3964 in
932 3917 1098 3964 declinatione
1113 3909 1127 3980 H
1143 3932 1166 3964 ιι.
1182 3919 1199 3964 3

82 4003 179 4068 quoda
200 3997 212 4066 ll
236 4018 260 4050 ιι.
275 4006 290 4048 7
307 3989 377 4050 αὐτὰ
397 4017 464 4050 corr.
486 4001 637 4050 Schneider
654 4016 702 4066 pro
721 3990 811 4050 αάτοῦ
832 3995 845 4065 l]
868 3999 954 4048 uerbo
972 3995 1021 4048 καλ
1039 3996 1129 4047 ταῦτα
1148 3987 1198 4048 ἀν-

82 4077 225 4149 θρωπικά,
239 4089 303 4150 μυεῖ
326 4075 427 4148 στερνά
451 4085 555 4150 scripta
578 4101 647 4148 quae
672 4101 705 4134 ex
727 4085 788 4134 loco
818 4083 949 4133 inferiore
978 4098 1122 4147 perperam
1145 4081 1198 4130 hue

81 4171 252 4235 irrepserunt
269 4167 365 4218 induxi
376 4163 389 4235 ss
399 4186 422 4218 a.
436 4171 469 4216 21
487 4159 576 4218 ταάτολ
595 4168 694 4233 scripsi
711 4184 759 4232 pro
778 4165 867 4216 ταῦτα
879 4163 891 4232 [l
902 4185 917 4215 a
929 4170 964 4216 22
981 4164 1116 4218 Μουσίου
1134 4165 1198 4215 libri

81 4257 195 4320 praeter
211 4248 321 4320 Μήτι.
334 4255 369 4302 sl
387 4241 514 4319 ἀμῶντες
532 4253 555 4300 R
607 4241 746 4309 ἀλοῶντες
765 4251 851 4302 ceteri
