2950 5084
794 189 833 252 16

738 269 888 280 -——·-

162 380 168 389 '
254 369 291 432 ad
313 379 477 434 extremum
499 369 630 432 additum
651 374 707 432 erit
730 373 803 432 hoc:
834 391 868 434 ex
890 371 1016 450 quadam
1039 379 1136 450 parte:
1166 372 1379 451 poeticaana-

194 484 200 494 “
253 483 329 560 logia
356 484 412 542 erit
431 480 610 562 definita.“.¹)
656 483 731 554 Quid
747 483 825 562 quod
848 501 884 543 ne
908 484 1000 560 potuit
1016 483 1134 563 quidem
1159 483 1212 544 ista
1228 485 1379 562 discepta-

255 596 294 654 tio
314 595 401 654 latins
422 600 523 671 patere
545 612 601 654 nec
619 592 719 654 Grates
739 595 848 672 pariter
871 599 957 672 atque
974 593 1079 654 Sextus
1093 594 1258 672 Empiricos
1274 595 1296 664 Ι,
1312 597 1378 656 179

253 701 373 783 τέχνην
394 697 456 782 τὴν
479 699 692 788 καλουμένην
713 697 898 782 ἀναλογίαν
920 697 963 762 δι’
986 690 1027 782 ἧς
1049 698 1122 767 κατ’
1142 701 1274 766 ἐκεῖνον
1287 697 1379 784 ἡμᾶς

253 807 312 874 τὸν
342 806 542 893 ἑλληνισμὰν
569 807 794 891 ἀναγκάζουσι
822 809 1053 892 διαλέγεσθαι,
1082 815 1111 874 in
1138 817 1377 876 euphanensiam

255 942 378 994 uocare,
406 941 502 1002 neque
524 929 602 984 stare
621 923 658 984 ab
681 901 785 984 eorum
808 923 941 1000 partibus
960 925 1008 1012 qui
1031 931 1064 984 ut
1080 926 1120 984 ait
1140 924 1311 1002 Apollonius
1337 926 1376 985 de

253 1041 365 1114 syntax.
391 1034 419 1104 Ι,
446 1035 482 1094 10
508 1052 537 1111 p.
560 1034 601 1096 36
625 1031 662 1096 ἐκ
683 1033 799 1113 τριβῆς
820 1028 860 1100 τά
885 1029 1033 1114 σχήματα
1052 1034 1120 1095 κάν
1143 1030 1264 1109 λέξεων
1286 1053 1376 1117 κοιρ-
1393 1093 1413 1108 ,.

227 1201 229 1204 .
256 1140 434 1224 ειλήφασιν
464 1137 505 1204 οὐ
533 1137 601 1223 μὴν
628 1141 665 1204 ἐκ
696 1139 872 1223 δυνάμεως
894 1143 963 1204 τοῖν
984 1138 1069 1204 κατά
1091 1139 1281 1226 καράδοσιν
1304 1145 1376 1206 τῶν

250 1247 419 1334 Ἑλλήνων
451 1250 507 1314 καὶ
541 1253 600 1332 τῆς
632 1236 933 1334 συμπαριπομένης
964 1253 1002 1315 ἑν
1036 1247 1151 1326 αὐτοῖς
1180 1249 1373 1334 ἀναλογίας.

176 1423 178 1427 ,
254 1366 386 1424 Primum
416 1366 493 1424 enim
523 1367 638 1442 priores
666 1366 849 1441 grammatici
874 1364 1062 1426 Alexandrini
1085 1365 1295 1444 Aristophanes
1307 1365 1375 1444 'By-
1417 1359 1423 1364 ’

254 1476 366 1536 cantius
402 1475 588 1536 Aristarchus
622 1475 775 1554 Dionysius
810 1475 908 1536 Thrax
936 1475 1101 1554 analogiam
1134 1477 1280 1554 cognitam
1312 1493 1375 1534 non

255 1585 422 1650 babuerunt
455 1587 510 1645 nisi
542 1591 701 1662 spectatam
729 1605 795 1655 cam¹
819 1586 849 1644 in
876 1585 976 1646 uerbis
1007 1585 1195 1646 declinandis,
1240 1587 1375 1664 Namque

256 1715 319 1756 eam
342 1695 433 1756 solam
455 1695 643 1773 Aristophani
665 1697 693 1754 in
715 1697 847 1756 notitiam
868 1698 985 1757 uenisse
1008 1696 1098 1777 supra
1113 1697 1240 1758 uidimus
1263 1703 1291 1756 et
1308 1696 1374 1756 hri·

256 1806 391 1866 starchus
412 1806 575 1866 secundum
603 1805 764 1866 dilucidum
787 1806 926 1866 Varronis
947 1807 1145 1868 testimonium
1169 1809 1205 1866 de
1227 1809 1376 1882 ocpuubi-

255 1921 336 1978 litate
360 1934 446 1992 quom
467 1919 586 1992 scripsit
606 1918 763 1977 uerborum
788 1919 1008 1978 similitudinem
1028 1919 1244 1992 quodammodo
1265 1921 1296 1976 iu
1317 1919 1376 1976 de-

255 2031 414 2087 clinatione
434 2031 519 2102 sequi
535 2024 656 2106 ressith,
680 2027 805 2105 denique
826 2027 979 2107 Dionysius
993 2027 1091 2088 Thrax
1114 2027 1172 2106 τῆς
1192 2021 1376 2105 ἀναλογίας

257 2132 458 2216 ἐκλογισμόν
482 2144 616 2216 quartam
637 2140 844 2213 grammaticae
865 2146 978 2215 partem
1001 2137 1141 2207 exhibuit,
1163 2157 1197 2198 ex
1217 2156 1276 2216 quo
1293 2139 1375 2214 cugi-

255 2255 304 2308 tur
330 2265 397 2308 eum
415 2265 532 2326 quoque
553 2247 665 2306 tantum
682 2248 718 2307 de
739 2248 939 2325 proponendis
954 2248 1195 2317 declinandorum
1210 2247 1373 2326 uerborum

256 2352 375 2418 κανόσι
393 2354 574 2435 οοςὶῑιειο3).
605 2357 716 2419 Deinde
733 2365 767 2417 ut
783 2357 884 2418 Crales
899 2361 928 2418 in
944 2359 1082 2420 uniuersa
1096 2357 1195 2435 lingua
1213 2357 1374 2436 aequabili·

256 2469 322 2528 latis
338 2467 419 2546 leges
438 2467 581 2554 dominari
602 2470 754 2546 negauerit
776 2475 887 2530 tantum
903 2468 986 2532 abest
1002 2475 1034 2528 ut
1050 2470 1227 2530 certissimas
1246 2469 1276 2528 in
1295 2477 1375 2528 caet

256 2577 457 2638 subtilissimas
478 2596 564 2656 posse
586 2580 714 2656 perspici
731 2580 859 2640 rationes
881 2580 1043 2648 censuerit,
1064 2579 1091 2640 id
1116 2579 1195 2658 quod
1217 2586 1247 2639 et
1272 2598 1308 2639 ex
1331 2581 1376 2639 eis
1394 2601 1401 2605 ·

257 2707 332 2768 quac
362 2695 445 2748 antea
476 2688 622 2765 disputaui
648 2689 772 2750 efficitur
802 2698 830 2750 et
861 2692 890 2748 in
917 2689 1074 2770 propatulo
1104 2697 1147 2749 est
1176 2689 1376 2750 consideranti

257 2799 417 2858 stoicorum
441 2799 613 2868 sententias
635 2817 707 2879 quas
734 2800 880 2860 Crateiem
905 2799 961 2860 hac
986 2817 1103 2878 quoque
1132 2801 1214 2860 inre
1239 2806 1375 2860 secutum

258 2927 321 2970 esse
350 2927 403 2986 par
428 2916 472 2969 est
501 2908 633 2969 credere.
679 2909 767 2970 Stoici
795 2917 893 2970 autem
922 2909 1076 2986 diligenter
1104 2911 1280 2988 perscrutati
1306 2917 1376 2969 sunt

257 3013 457 3098 ἑλληνισμόν
490 3038 577 3098 quern
611 3019 748 3080 dixerunt
775 3038 839 3080 esse
873 3017 1008 3100 φράσιν
1031 3013 1241 3080 ἀδιάπτωτον
1270 3017 1308 3080 ἐν
1332 3020 1376 3100 τῇ

257 3128 392 3210 τεχνικῇ
419 3123 475 3188 καλ
502 3123 545 3208 μὴ
572 3127 680 3212 είκαίγ
707 3130 874 3212 συνηθείᾳ
897 3131 1001 3210 (Laert.
1024 3131 1105 3208 Diog.
1129 3130 1193 3199 Vll,
1215 3128 1279 3209 59),
1303 3149 1376 3190 con-

258 3248 301 3300 tra
321 3234 555 3321 βαρβαρισμόν
577 3247 754 3301 notauerunt
775 3237 863 3314 λέξιν
886 3231 977 3322 παρά
995 3233 1032 3300 τὸ
1054 3239 1132 3312 ἔθος
1153 3239 1221 3300 τοῖν
1242 3233 1377 3300 εὐδοκι-

345 3495 369 3558 1)
395 3495 438 3545 Of.
462 3494 546 3545 Probi
566 3511 609 3545 ars
628 3497 715 3546 minor
733 3496 763 3558 7,
783 3513 809 3560 p.
828 3495 878 3545 229
896 3496 925 3544 in
943 3495 1103 3545 Endlicheri
1122 3494 1194 3545 anal.
1214 3511 1327 3560 gramm.
1345 3511 1375 3561 p.

258 3579 308 3630 229
332 3581 463 3645 analogia
487 3586 529 3631 est
553 3580 624 3630 ratio
647 3587 725 3631 recta
748 3596 930 3646 perseuerans
956 3596 1006 3646 per
1023 3581 1161 3646 integram
1179 3579 1376 3630 declinationis

259 3666 433 3730 disciplinam
457 3702 463 3714 .
484 3702 490 3714 .
511 3702 517 3714 .
541 3665 566 3714 8,
598 3663 756 3714 annomalia
782 3659 1003 3714 est‘immiscens
1026 3665 1071 3713 uel
1093 3665 1231 3715 inmutans
1256 3669 1304 3716 aut
1327 3666 1376 3715 dc-

259 3749 355 3800 ficiens
373 3751 443 3800 ratio
462 3766 510 3815 per
529 3750 751 3800 declinationem.
789 3750 900 3814 Sergius
924 3751 953 3798 in
976 3749 1080 3798 Donati
1103 3750 1167 3799 edit.
1186 3751 1228 3812 11,
1252 3766 1278 3814 p.
1300 3749 1375 3802 1846.

259 3835 370 3884 Putsch.
401 3835 532 3900 analogia
557 3835 657 3887 dicitur
680 3834 752 3883 ratio
776 3833 968 3884 declinationis
991 3833 1129 3882 nominum
1151 3834 1224 3883 inter
1247 3850 1277 3884 se
1301 3838 1377 3884 omni

259 3925 338 3984 parte
357 3919 494 3969 similium.
1292 3912 1294 3917 ¹

343 4005 369 4069 2)
388 4005 530 4055 Describit
547 4005 587 4054 ibi
606 4005 692 4054 Varro
714 4002 789 4052 haud
812 4002 893 4052 dubie
917 4006 1004 4052 toturn
1027 4003 1091 4052 libri
1113 4003 1285 4054 Aristarchei
1309 4019 1374 4054 con-

260 4083 379 4140 silium'

343 4174 369 4238 3)
393 4175 488 4240 Neque
513 4174 594 4224 aliter
618 4189 678 4222 eum
701 4172 896 4225 intellexerunt
920 4172 1004 4222 schol.
1023 4173 1138 4244 Dionys.
1158 4173 1258 4222 Thrac.
1278 4190 1305 4239 p.
1325 4173 1377 4224 730

261 4264 288 4310 et
306 4259 363 4308 741.
842 4255 848 4280 ¹
