2950 5084
771 255 922 348 A

285 431 375 495 ἐστιν
402 427 543 515 ἀπείρου
573 429 629 494 καὶ
656 433 792 516 τραχέος
814 431 871 496 καλ
892 431 1051 516 μεγάλου.
1089 437 1202 499 schol.
1227 437 1247 496 Α
1271 437 1311 498 11.
1335 435 1355 498 l.
1378 457 1398 497 s.

286 551 388 624 etym.
414 562 530 622 magn.
554 563 582 622 p.
608 543 665 604 271
691 565 721 606 u.
745 540 797 608 δι’
821 540 1032 618 ἀσπιδέος.

284 651 286 656 ’
318 690 322 702 «
369 655 413 715 Μ
430 655 479 714 25.
516 649 554 714 τδ
576 651 613 714 δὲ
637 651 787 738 ἐννῆμαρ
809 653 897 728 τινὲς
920 650 968 716 δι’
993 650 1067 728 ἑνὸς
1084 653 1255 739 γράφουσι
1277 656 1329 716 νῦ·
1346 651 1398 716 καὶ

286 760 495 825 δασάνουσιν
517 750 567 826 οἷν
588 760 644 826 καὶ
662 758 884 846 ὁΜαλλάτης
899 762 1032 848 Κράτης
1055 761 1146 829 ἐστὶν
1167 759 1274 846 ἤγουν
1299 759 1317 827 ὁ
1338 759 1400 826 ἀπὸ

201 905 214 916 -
252 869 431 934 5Μάλλον
464 871 591 960 πόλεως
624 866 660 947 δς
691 869 818 938 ἀτοπόν
846 887 951 956 φησιν
975 869 1138 956 Ἕλληνας
1171 872 1234 955 μὲν
1264 869 1304 936 τδ
1325 884 1398 936 -τεί-

285 1002 342 1063 χος
363 979 470 1066 ἡμέρα
490 983 551 1067 μιά
579 985 689 1046 κτίσαι
716 978 761 1058 ἀς
790 981 1045 1067 προίστόρηται,
1072 974 1265 1046 Ἀπόλλωνα
1285 981 1324 1046 δὲ
1348 981 1399 1046 καί

286 1091 486 1156 Ποσειδῶνα
508 1091 564 1156 καὶ
586 1096 654 1156 Δία
677 1089 722 1156 δι’
748 1092 845 1172 ἐννέα
866 1089 1002 1178 ἡμερῶν
1024 1091 1188 1177 ἀφανίσαι
1211 1089 1304 1156 αάτό.
1333 1097 1398 1156 Eu·

287 1205 395 1264 stath.
420 1207 456 1264 in
478 1204 518 1264 11.
542 1204 560 1265 l.
585 1224 607 1265 s.
630 1225 660 1284 p.
686 1205 757 1276 800,
782 1207 831 1268 35.

372 1315 407 1375 N
429 1315 500 1392 261.
546 1308 564 1376 δ
586 1312 623 1376 δὲ
638 1312 772 1397 Κράτης
795 1316 908 1396 (uocem
933 1311 1068 1398 ἐνώπια)
1086 1309 1186 1397 φλιάς
1208 1312 1399 1397 παρέδωκεν

238 1433 270 1484 10
287 1421 477 1506 ηένίνοχος.
517 1403 727 1505 ‘Hesychius
750 1445 777 1492 u.
802 1421 983 1490 ἐνώπια,

372 1535 406 1596 Ν
428 1533 499 1596 358.
543 1532 677 1616 Κράτης
699 1533 736 1598 δὲ
760 1530 813 1596 ἐπ’
832 1530 1032 1618 ἀμφοτέρων
1054 1534 1122 1596 τῶν
1144 1532 1398 1616 στρατευμάτων

287 1644 385 1724 φησί·
415 1645 525 1727 Τρῶες
545 1639 611 1726 γάρ
633 1641 878 1728 καίἝλληνες.Ἶ
895 1639 1010 1706 schol.
1034 1645 1088 1705 BV
1110 1645 1150 1706 11.
1173 1645 1191 1705 l.
1216 1665 1238 1706 ε.
1314 1710 1322 1730 ι

373 1753 487 1818 Ξ31.“
516 1750 565 1817 ὅτι
588 1750 650 1816 οάκ
674 1753 711 1836 ἐν
734 1754 877 1839 διστιχίηι
897 1742 986 1835 ἦσαν
1009 1755 1109 1834 (naues
1132 1743 1338 1835 Graecorum).
1360 1751 1399 1826 ἀς

287 1878 370 1945 φησι
391 1861 533 1948 Κράτης.
558 1867 676 1927 schol.
700 1867 785 1928 BLV
807 1866 845 1925 ll.
869 1865 888 1926 l.
913 1884 935 1924 s,
960 1858 979 1925 ὁ
999 1861 1112 1943 μέντοι
1126 1861 1260 1947 Κράτης
1282 1860 1343 1926 οὐκ
1367 1862 1399 1926 ἐν

239 1985 270 2037 15
289 1973 432 2058 διστιχίηι
447 1970 557 2056 φησὶν
570 1967 655 2036 εἶναι
674 1969 732 2047 τάς
748 1975 840 2048 ναῦς,
865 1974 1030 2036 Eustath.
1043 1977 1079 2036 in
1100 1975 1137 2036 11.
1152 1975 1171 2035 l.
1186 1993 1209 2035 s.
1224 1994 1252 2054 p.
1271 1976 1342 2045 965,
1354 1976 1397 2036 36.

371 2085 470 2157 5:32.
521 2082 654 2168 Κράτης
677 2083 799 2166 ,μέντοι
832 2085 1047 2168 προπερισπᾷ
1078 2079 1215 2148 ἀκούων
1249 2081 1304 2148 ἐπὶ
1336 2094 1400 2157 ταῖς

290 2192 443 2275 ἐσχάταις
471 2197 585 2275 (uocem
615 2191 818 2278 πρύμνῃσιν)
849 2191 1036 2276 πλανηθεὶς
1064 2191 1101 2256 ἐκ
1129 2195 1190 2256 τοῦ
1218 2189 1308 2274 „mg
1341 2190 1398 2275 γάρ

274 2300 421 2387 ’πράτας
442 2303 560 2366 πεδίον
583 2303 620 2366 δὲ
644 2306 823 2386 είρνσανίί.
848 2305 1014 2384 schoht&
1037 2305 1074 2366 ll.
1099 2306 1117 2366 l.
1141 2323 1164 2366 S.

372 2413 492 2487 11216.
527 2409 568 2476 τά
590 2412 627 2476 δὲ
650 2415 787 2476 πλεῖστα
811 2413 926 2496 (terrae)
950 2409 1034 2476 κατά
1056 2414 1113 2494 τῆς
1127 2410 1273 2496 μεγάλης
1288 2411 1399 2481 δέδυκε

239 2538 273 2588 20
289 2521 474 2606 θαλάσσης,
519 2519 605 2586 ἀλλά
628 2518 671 2585 σδ
690 2520 907 2608 Ἀρίσταρχον
929 2519 1070 2604 ἀγαπῶν
1085 2519 1136 2586 ἀεὶ
1152 2520 1207 2586 καὶ
1222 2521 1400 2605 θαυμάζων

289 2629 351 2698 οὐκ
379 2630 514 2708 ἀκούεις
542 2631 717 2718 Κράτητος
744 2629 1035 2716 ἀναγινώσκοντος
1077 2629 1270 2714 ,,Ὠκεάνου
1292 2671 1333 2679 -
1353 2629 1401 2694 τί-

288 2765 404 2806 τυκται
435 2744 476 2825 (Ξ
501 2745 589 2826 246),
628 2739 796 2827 ἀνδράσιν
822 2739 883 2826 ἀδὲ
911 2748 1006 2817 θεοῖς
1033 2745 1194 2826 πλείστην
1224 2739 1279 2806 ἐπὶ
1307 2752 1400 2824 γαῖαν

290 2857 421 2936 ίησινίί.
466 2855 695 2946 Plutarchus
719 2857 760 2918 de
784 2856 880 2916 faeie
902 2857 936 2916 in
960 2856 1050 2917 orbe
1073 2855 1188 2916 lunae
1210 2875 1239 2934 p.
1264 2855 1325 2917 038
1341 2855 1368 2914 (1.

376 2965 476 3026 023.
520 2960 654 3046 Κράτης
675 2963 712 3026 δὲ
735 2958 778 3038 ὡς
798 2959 884 3046 ἧλον
908 2965 1019 3046 (scribit
1039 2961 1167 3046 βήλου).
1192 2964 1306 3026 schol.
1330 2943 1399 3023 011.

238 3076 308 3142 251.
333 3095 355 3134 S.
385 3072 495 3136 ίστέον
516 3071 560 3136 ’δὲ
587 3070 644 3136 καί
672 3069 722 3141 ὅτι
750 3067 768 3136 ὁ
795 3072 928 3156 Κράτης
950 3071 994 3148 ὥς
1022 3089 1127 3156 φασιν
1154 3071 1192 3136 οἱ
1210 3069 1345 3136 παλαιοὶ
1365 3067 1397 3132 ιδ

288 3185 396 3266 βηλοῦ
514 3181 711 3267 βαρυτόνως
738 3179 963 3265 ἀναγινώσκει
990 3180 1098 3266 βήλου
1126 3177 1170 3258 ὦς
1197 3180 1293 3264 ἥλου.
1337 3185 1399 3244 Ευ-

290 3297 399 3356 stath.
422 3296 459 3355 in
480 3295 518 3357 ΙΙ.
542 3295 560 3354 l.
579 3315 601 3356 s.
625 3315 654 3374 p.
681 3297 771 3366 1003,
795 3295 850 3360 38..
1149 3295 1151 3300 ’

376 3407 404 3466 0
429 3405 498 3468 103.
544 3406 613 3478 πῶς
640 3403 680 3466 δέ
705 3419 810 3487 φησιν
837 3413 944 3486 „pata
970 3399 1226 3484 ’-”ολυμπος“
1256 3405 1296 3484 (Ο
1322 3403 1399 3482 193);

288 3512 422 3598 Κράτης
445 3513 482 3578 ἐν
510 3513 656 3598 δευτέρῳ
673 3510 861 3598 Ὁμηρικῶν
884 3511 940 3576 καὶ
963 3515 1214 3597 Στησίμβροτος
1233 3510 1302 3596 ζὸτι
1324 3504 1400 3574 κατδ

357 3671 381 3703 α.
397 3657 411 3702 1
430 3645 553 3717 ἀπείρου
565 3655 588 3700 V
605 3643 718 3717 ἀπόρου
731 3651 817 3702 schol:
830 3655 858 3700 1
893 3641 1023 3716 ἀσπόρου
1042 3656 1124 3714 etym.
1143 3651 1215 3715 uolg.
1228 3646 1241 3716 11
1252 3645 1303 3700 καλ
1321 3638 1401 3714 μεγά·

290 3739 341 3788 λου
354 3739 428 3788 delet
440 3738 528 3787 Lehrs
543 3733 557 3804 ΙΙ
572 3755 597 3786 α.
611 3743 628 3786 5
641 3725 672 3794 ὃς
685 3753 752 3787 corr.
767 3737 873 3787 Vsener
884 3753 932 3802 pro
945 3727 983 3794 ιδς
998 3733 1011 3803 H
1028 3725 1062 3785 ὄν
1078 3739 1141 3801 post
1153 3727 1262 3786 άτοπον
1275 3736 1400 3798 scriptum

290 3823 382 3873 deleui
394 3817 406 3889 H
423 3839 446 3872 α.
460 3825 475 3870 0
494 3823 530 3872 ef.
551 3819 576 3870 Θ
593 3821 642 3872 435
662 3820 679 3871 δ
696 3817 732 3870 42'
748 3838 764 3886 χ
779 3817 886 3888 12111α.
901 3825 933 3871 10
945 3837 994 3886 pro
1008 3812 1137 3884 ἕνίνογος
1149 3820 1222 3869 coni.
1233 3819 1270 3868 M.
1286 3817 1401 3869 Schmidt

291 3899 322 3958 ἐν
339 3907 356 3956 ν
371 3896 505 3965 Ἰλιάδος,
524 3906 560 3955 Ιε.
574 3906 643 3954 Voss
663 3897 694 3955 ἐν
711 3897 840 3972 ἡνιόχοις
850 3901 864 3972 Η
874 3923 897 3955 ν.
912 3909 947 3956 13
961 3905 997 3954 ef.
1011 3903 1093 3970 sflpra
1105 3921 1130 3968 p.
1143 3902 1177 3954 28
1189 3919 1228 3968 ιη.
1242 3900 1253 3970 Η
1267 3899 1401 3966 διττοιχιά

289 3977 309 4042 λ.
327 3991 400 4056 apud
411 3991 619 4040 Baehmannum
632 3985 644 4056 ss
654 4008 677 4040 ιι.
692 3993 725 4040 15
735 3988 859 4055 διστιχίᾳ
872 4005 940 4040 corr.
954 3991 1061 4054 Vsener
1073 4005 1121 4052 pro
1134 3986 1250 4052 διστίγῳ
1262 3984 1274 4054 ΙΙ
1285 4005 1308 4038 α.
1316 3990 1347 4037 18
1359 3997 1402 4034 πε·

291 4074 357 4126 δίον
375 4069 407 4128 δὲ
423 4091 491 4125 corr.
511 4075 598 4124 Lehrs
611 4075 761 4125 Herodian.
776 4091 801 4140 p.
816 4073 866 4124 283
878 4057 1018 4124 πεδίονδε
1030 4071 1144 4122 Bekker
1177 4070 1280 4123 πεδιον
1299 4069 1331 4122 δε
1349 4068 1400 4119 Vil-

290 4162 380 4212 leison
391 4156 403 4228 11
415 4179 439 4210 u.
453 4164 486 4210 21
505 4149 710 4224 ἀναγινώσκων
733 4159 798 4209 libri
820 4165 931 4224 praeter
948 4161 969 4207 E
994 4163 1021 4208 et
1043 4157 1178 4221 Xylandri
1201 4153 1400 4220 interpretatio·

290 4261 354 4306 nem
368 4241 381 4312 ll
397 4263 422 4294 ιι.
441 4248 476 4294 24
488 4250 516 4296 et
528 4249 562 4294 26
579 4233 650 4310 ἧλον
668 4245 766 4310 scripsi
810 4233 868 4310 ἥλῳ
886 4243 971 4294 schol.
1013 4233 1084 4308 ἥλοο
1101 4239 1229 4291 Eustath.
1246 4233 1260 4306 H
1276 4257 1299 4289 u.
1314 4241 1346 4288 29
1363 4225 1401 4285 ὅτι

291 4322 364 4379 κατά
384 4331 510 4396 στοιχεῖα
529 4329 655 4395 suppleui
675 4330 709 4378 cf.
730 4344 811 4394 supra
830 4343 856 4394 p.
875 4325 909 4378 26
