2950 5084
437 539 552 613 Vllll
595 529 906 614 EPIGRAMMA

107 708 267 789 Χοιρίλος
285 703 483 788 Ἀντιμάχου
499 703 586 794 πολὺ
608 710 769 772 λείπεται·
794 704 871 770 ἀλλ’
896 705 950 770 ἐπὶ
967 709 1076 770 πᾶσιν
1169 779 1171 785 k

173 817 335 897 Χοιρίλον
357 811 541 900 Εὐφορίων
563 811 629 899 εἶχε
652 814 708 880 διὰ
732 815 907 898 στόματος·

108 922 176 988 Καὶ
200 922 410 1005 κατίμλωσσ’
436 923 590 1002 inderedi
613 924 767 1008 ποήματα
789 924 846 990 καὶ
868 923 908 988 τὰ
932 928 1061 1008 Φιλητα
1092 1007 1098 1018 .
1181 987 1184 996 Δ

170 1030 348 1116 Ἀτρειιέως
374 1029 469 1118 ᾔδει·Ι
502 1033 558 1098 καὶ
586 1032 651 1117 γὰρ
676 1031 851 1118 Ὁμηρικὸς
878 1023 932 1117 ἦν.
1180 1109 1183 1114 ,
1245 1043 1261 1092 5
1323 1065 1326 1070 ·

578 1147 795 1223 anthologia
816 1147 986 1207 Palatina
1010 1147 1049 1206 Xl
1072 1146 1142 1210 218.

131 1447 136 1458 ·
252 1399 290 1471 X
332 1396 617 1490 RELIQVIAE
647 1399 794 1494 SEDIS
818 1399 1081 1475 INOERTAE

198 1570 211 1628 1
247 1563 391 1640 Ἐκεῖνος
419 1569 538 1650 (Crates)
566 1569 666 1655 vdispe
695 1568 871 1652 διαφέρειν
897 1565 957 1630 τὸν
984 1564 1136 1650 κριτικὸν
1168 1569 1228 1630 τοῦ

69 1675 72 1679 ’
106 1678 357 1759 γραμματικοῦ·
393 1674 449 1739 καὶ
476 1673 536 1740 τὸν
565 1676 628 1758 μὲν
651 1673 802 1758 κριτικὸν
825 1675 933 1758 πάσης
955 1661 1037 1758 φησὶ
1061 1676 1115 1740 det
1135 1679 1227 1758 λογι-

107 1788 172 1867 κῆς
199 1783 380 1868 ἐπιστήμης
405 1787 565 1871 ἔμπειρον
588 1781 690 1868 εἶναι,
720 1783 780 1849 τὸν
796 1774 840 1849 'dt
862 1782 1093 1869 γραμματικὸν
1115 1782 1228 1860 ἁπλαῖς
1248 1793 1279 1843 10

106 1896 272 1976 γλωσσῶν
306 1892 517 1977 ἐξημητικὸν,
534 1895 591 1960 καὶ
624 1895 815 1980 προσῳδίας
843 1891 1048 1958 ἀποδοτικόν
1076 1893 1132 1958 καὶ
1160 1899 1228 1958 των

107 2001 240 2078 τούτοις
262 2007 507 2088 παραπλησίων
530 2005 701 2088 είδήμονα.
734 2001 821 2089 παρὸ
845 2004 900 2068 καὶ
924 1995 1072 2068 ἐοικέναι
1096 2003 1227 2068 ἐκεῖνον

106 2114 172 2195 μὲν
200 2110 423 2199 ἀρχιτέκτονι,
463 2110 522 2177 τὸν
551 2115 588 2178 δὲ
616 2110 848 2198 γραμματικὸν
880 2107 1040 2197 ὑπηρέτῃ.
1093 2118 1227 2176 Sextus
1310 2185 1312 2190 .

106 2228 207 2304 Emp.
230 2227 308 2286 adu.
332 2227 439 2287 math.
463 2227 476 2286 Ι
499 2228 548 2287 79.

195 2337 214 2396 2
261 2335 446 2414 Relinquitur
475 2337 511 2398 de
539 2337 656 2397 casibus
678 2339 708 2396 in
731 2355 789 2416 quo
813 2337 992 2397 Aristarchei
1014 2353 1083 2396 suos
1106 2343 1226 2397 conten·
1247 2342 1278 2392 15

106 2447 183 2507 dunt
204 2463 323 2510 neruos
367 2445 499 2506 Primum
528 2450 551 2506 si
580 2447 677 2507 iubis
700 2453 777 2507 esset
799 2446 931 2524 analogia
954 2447 1068 2505 discant
1091 2446 1227 2508 debuisse

106 2559 204 2618 omnis
226 2557 393 2616 nominatus
416 2545 445 2616 et
467 2557 605 2621 articulos
628 2557 738 2617 habere
761 2557 881 2616 totidem
911 2574 1010 2616 casus:
1048 2574 1128 2616 nunc
1157 2557 1228 2616 alios

104 2665 220 2727 babere
248 2683 341 2726 uuum
368 2665 463 2726 solnm
490 2673 523 2726 ut
550 2665 650 2727 literas
677 2665 806 2742 singulas
828 2685 931 2726 ornnes
955 2713 986 2725 ..
1014 2667 1085 2724 alios
1113 2668 1167 2725 tris
1195 2713 1227 2726 ..

104 2776 181 2837 alios
204 2781 363 2853 quattuor.
381 2795 412 2843 .;
436 2793 495 2836 non
519 2795 582 2836 esse
607 2795 677 2854 ergo
700 2778 729 2835 in
753 2756 869 2835 casibus
891 2775 1048 2851 analogias.
1088 2775 1225 2835 Secundo
1294 2774 1299 2783 '

105 2885 187 2966 quod
211 2885 311 2946 Crates
334 2903 409 2964 quor
432 2903 507 2965 quae
529 2885 659 2964 singulos
681 2885 790 2945 habent
813 2903 897 2945 casus
919 2892 952 2946 ut
972 2884 1074 2945 literae
1097 2887 1227 2946 Graecae
1245 2891 1278 2940 20

105 3014 169 3056 non
191 2995 326 3056 dicautur
348 2995 434 3072 alpha
457 2995 566 3073 alphati
589 2996 739 3073 alphatos‘t
761 2997 785 3054 si
807 2995 884 3055 idern
907 2995 979 3054 nribi
997 2995 1226 3073 respondebitur
1264 3071 1272 3078 ·

105 3105 188 3184 quod
218 3104 325 3165 Crateti
352 3123 412 3164 non
444 3123 507 3166 esse
537 3105 681 3166 uocabula
709 3095 810 3164 nostra
838 3105 889 3166 sed
918 3105 1033 3182 penitus
1055 3105 1225 3165 barbara..

104 3209 294 3275 Varro'de
316 3213 403 3292 ling.
428 3215 500 3276 Lat.
525 3215 702 3300 v11136p.
730 3215 788 3276 188
811 3214 979 3275 lllucller.
1050 3271 1059 3286 ,

193 3324 211 3384 3
259 3324 332 3386 ltern
362 3343 428 3386 cunr
458 3327 482 3384 si
510 3326 547 3386 sit
575 3325 708 3403 analogia
737 3324 864 3384 debeant
892 3324 928 3384 ab
962 3323 1104 3384 similibus
1127 3325 1227 3385 uerbis

175 3613 198 3644 α.
213 3588 281 3654 1,τά
301 3593 410 3660 Φιλητοῖ
429 3595 500 3644 coni.
519 3594 664 3644 Dobraeus
681 3609 730 3658 pro
749 3585 784 3642 ταὶ
804 3590 928 3656 φίλητρα
951 3589 964 3658 H
986 3610 1010 3641 α.
1026 3597 1058 3642 15
1087 3595 1227 3642 aristarchi

102 3696 120 3730 a
144 3677 158 3746 ΙΙ
180 3681 344 3729 intenduntB
366 3676 378 3746 ΙΙ
402 3695 425 3727 ιι.
441 3681 472 3727 16
490 3680 591 3728 discant
609 3678 682 3727 coni.
701 3676 819 3726 Mueller
871 3679 957 3726 dicant
976 3677 1087 3727 codices
1140 3679 1226 3727 dicunt

104 3765 243 3815 editiones
254 3759 266 3830 ll
278 3763 394 3814 dedicisse
408 3763 473 3812 edit.
486 3763 547 3812 Ald.
567 3762 641 3812 aliae
688 3762 786 3811 derisse
800 3762 862 3810 Fla
908 3763 1005 3810 discisso
1017 3762 1037 3810 B
1050 3757 1137 3828 11α.17
1148 3763 1227 3810 omnis

15 3847 17 3854 ⁴
103 3851 126 3898 B
180 3851 273 3897 oetaeis
291 3844 391 3914 uolg.ss
408 3849 547 3897 nominatus
566 3861 635 3896 corr.
656 3845 775 3910 Spengel
793 3861 841 3910 pro
860 3847 1026 3896 continctrices
1042 3841 1054 3910 ll
1070 3863 1095 3893 α.
1110 3848 1142 3895 18
1160 3849 1224 3894 alites

103 3935 156 3982 ινίι
173 3926 212 3998 sl]
223 3933 271 3980 tris
288 3931 351 3980 Hs
396 3935 459 3980 treis
478 3931 615 3980 editiones
627 3925 639 3997 [l
650 3947 673 3982 ν.
688 3934 721 3978 20
735 3931 827 3980 Grates
839 3931 902 3979 Hs
911 3925 923 3996 {l
936 3946 1001 3995 ηαον
1012 3929 1125 3992 scripsit
1137 3929 1223 3978 Muel-

103 4018 149 4066 ler
201 4033 265 4080 quur
283 4016 320 4064 ils
371 4033 416 4065 cur
433 4016 479 4065 1²11
502 4012 513 4080 ll
534 4034 557 4064 α.
571 4019 606 4066 21
632 4017 752 4064 dicantur
771 4029 822 4079 per
841 4018 931 4078 ptores
954 4021 982 4062 ut
1004 4015 1080 4077 alpha
1098 4013 1168 4062 coni.
1188 4014 1223 4062 H.

105 4100 264 4163 Stephanus
283 4099 400 4164 append.
419 4115 446 4164 p.
465 4095 504 4166 811
516 4101 593 4163 αῐμλα
611 4101 728 4163 otpbstos
745 4100 765 4147 2
785 4099 848 4160 (om.
868 4096 975 4162 αἱμλαιί)
986 4117 987 4122 ’
999 4094 1012 4162 ΙΙ
1034 4113 1057 4144 α.
1076 4099 1111 4145 22
1127 4098 1227 4160 proteri

20 4239 28 4256 ἱ
104 4185 154 4234 ΕΗ
194 4186 344 4246 'praetatis
392 4189 483 4248 praeci
500 4179 542 4249 illl
555 4199 610 4234 esse
628 4183 701 4248 uolg.
753 4189 838 4232 essent
854 4183 895 4230 Π
911 4177 924 4248 ΙΙ
939 4175 1215 4247 postrouoeabulasll

105 4287 131 4320 u.
143 4270 179 4318 24
197 4270 316 4334 asclepia
334 4269 419 4320 dicunt
437 4285 454 4318 a
470 4264 514 4334 ΒΙ]
526 4268 557 4318 ad
576 4268 674 4333 scripsi
693 4283 753 4318 cnm
770 4267 817 4316 m
834 4283 883 4332 pro
901 4283 917 4316 ιι
929 4262 942 4333 [l
951 4265 1025 4314 uerbi
1039 4265 1115 4313 siraili
1124 4265 1150 4312 Π

979 4349 1023 4414 5*
