<?xml version="1.0" encoding="UTF-8"?>
<!DOCTYPE html PUBLIC "-//W3C//DTD XHTML 1.0 Transitional//EN"
    "http://www.w3.org/TR/xhtml1/DTD/xhtml1-transitional.dtd">
<html xmlns="http://www.w3.org/1999/xhtml" xml:lang="en" lang="en">
 <head>
  <title>
</title>
<meta http-equiv="Content-Type" content="text/html;charset=utf-8" />
  <meta name='ocr-system' content='tesseract 3.04.00' />
  <meta name='ocr-capabilities' content='ocr_page ocr_carea ocr_par ocr_line ocrx_word'/>
</head>
<body>
  <div class='ocr_page' id='page_1' title='image "./decratetemallot00wachgoog_0023.png"; bbox 0 0 2950 5084; ppageno 0'>
   <div class='ocr_carea' id='block_1_1' title="bbox 747 247 897 340">
    <p class='ocr_par' dir='ltr' id='par_1_1' title="bbox 747 247 897 340">
     <span class='ocr_line' id='line_1_1' title="bbox 747 247 897 340; baseline 0 0"><span class='ocrx_word' id='word_1_1' title='bbox 747 247 897 340; x_wconf 53' lang='grc' dir='ltr'><strong><em>,Ε-</em></strong></span> 
     </span>
    </p>
   </div>
   <div class='ocr_carea' id='block_1_2' title="bbox 187 425 1470 2831">
    <p class='ocr_par' dir='ltr' id='par_1_2' title="bbox 187 425 1470 2831">
     <span class='ocr_line' id='line_1_2' title="bbox 266 425 1392 516; baseline -0.004 -22"><span class='ocrx_word' id='word_1_2' title='bbox 266 425 326 496; x_wconf 89' lang='grc' dir='ltr'><strong><em>τδν</em></strong></span> <span class='ocrx_word' id='word_1_3' title='bbox 354 433 400 516; x_wconf 76' lang='grc' dir='ltr'><strong><em>τῷ</em></strong></span> <span class='ocrx_word' id='word_1_4' title='bbox 422 427 516 516; x_wconf 88' lang='grc' dir='ltr'><strong><em>τύπῳ</em></strong></span> <span class='ocrx_word' id='word_1_5' title='bbox 539 431 597 512; x_wconf 86' lang='grc' dir='ltr'><strong><em>τῆς</em></strong></span> <span class='ocrx_word' id='word_1_6' title='bbox 624 435 741 514; x_wconf 85' lang='grc' dir='ltr'><strong><em>ῳωνῆς</em></strong></span> <span class='ocrx_word' id='word_1_7' title='bbox 769 432 973 515; x_wconf 93' lang='grc' dir='ltr'><strong><em>χαρακτῆρα.</em></strong></span> <span class='ocrx_word' id='word_1_8' title='bbox 1017 429 1080 501; x_wconf 82' lang='lat' dir='ltr'><strong><em>Qua</em></strong></span> <span class='ocrx_word' id='word_1_9' title='bbox 1112 428 1149 492; x_wconf 89' lang='lat' dir='ltr'>de</span> <span class='ocrx_word' id='word_1_10' title='bbox 1184 449 1217 492; x_wconf 89' lang='lat' dir='ltr'><strong><em>re</em></strong></span> <span class='ocrx_word' id='word_1_11' title='bbox 1244 429 1392 492; x_wconf 80' lang='lat' dir='ltr'>accurate</span> 
     </span>
     <span class='ocr_line' id='line_1_3' title="bbox 266 541 1390 620; baseline -0.002 -16"><span class='ocrx_word' id='word_1_12' title='bbox 266 545 333 606; x_wconf 79' lang='lat' dir='ltr'>aridi</span> <span class='ocrx_word' id='word_1_13' title='bbox 355 545 546 604; x_wconf 81' lang='lat' dir='ltr'><strong>disserentem</strong></span> <span class='ocrx_word' id='word_1_14' title='bbox 564 543 795 605; x_wconf 84' lang='lat' dir='ltr'>Chaeremonem</span> <span class='ocrx_word' id='word_1_15' title='bbox 818 544 943 604; x_wconf 89' lang='lat' dir='ltr'>stoicum</span> <span class='ocrx_word' id='word_1_16' title='bbox 960 561 1007 620; x_wconf 80' lang='lat' dir='ltr'>ep.</span> <span class='ocrx_word' id='word_1_17' title='bbox 1025 541 1158 620; x_wconf 82' lang='lat' dir='ltr'>Apollon.</span> <span class='ocrx_word' id='word_1_18' title='bbox 1178 543 1214 602; x_wconf 91' lang='lat' dir='ltr'>de</span> <span class='ocrx_word' id='word_1_19' title='bbox 1233 545 1390 604; x_wconf 84' lang='lat' dir='ltr'>coniuurt.</span> 
     </span>
     <span class='ocr_line' id='line_1_4' title="bbox 266 642 1391 735; baseline 0 -24"><span class='ocrx_word' id='word_1_20' title='bbox 266 673 295 732; x_wconf 90' lang='lat' dir='ltr'><strong><em>p.</em></strong></span> <span class='ocrx_word' id='word_1_21' title='bbox 312 657 392 724; x_wconf 81' lang='lat'>515,</span> <span class='ocrx_word' id='word_1_22' title='bbox 410 654 468 714; x_wconf 77' lang='lat'><strong><em>18:</em></strong></span> <span class='ocrx_word' id='word_1_23' title='bbox 503 649 615 734; x_wconf 80' lang='grc' dir='ltr'><strong><em>φαμέν</em></strong></span> <span class='ocrx_word' id='word_1_24' title='bbox 642 675 673 714; x_wconf 97' lang='grc' dir='ltr'><strong><em>τι</em></strong></span> <span class='ocrx_word' id='word_1_25' title='bbox 703 642 964 735; x_wconf 87' lang='grc' dir='ltr'><strong><em>πατρωνυμικδν</em></strong></span> <span class='ocrx_word' id='word_1_26' title='bbox 986 648 1042 714; x_wconf 83' lang='grc' dir='ltr'><strong><em>καὶ</em></strong></span> <span class='ocrx_word' id='word_1_27' title='bbox 1070 647 1108 713; x_wconf 77' lang='lat' dir='ltr'><strong><em>cd</em></strong></span> <span class='ocrx_word' id='word_1_28' title='bbox 1135 650 1173 714; x_wconf 85' lang='grc' dir='ltr'><strong><em>έν</em></strong></span> <span class='ocrx_word' id='word_1_29' title='bbox 1197 653 1391 734; x_wconf 75' lang='grc' dir='ltr'><strong><em>χαρακτῆρι</em></strong></span> 
     </span>
     <span class='ocr_line' id='line_1_5' title="bbox 267 743 1391 848; baseline -0.001 -24"><span class='ocrx_word' id='word_1_30' title='bbox 267 758 529 846; x_wconf 84' lang='grc' dir='ltr'><strong><em>πατρωνυμικδν</em></strong></span> <span class='ocrx_word' id='word_1_31' title='bbox 557 760 613 825; x_wconf 81' lang='grc' dir='ltr'><strong><em>καὶ</em></strong></span> <span class='ocrx_word' id='word_1_32' title='bbox 642 763 680 826; x_wconf 83' lang='grc' dir='ltr'><strong><em>ἐν</em></strong></span> <span class='ocrx_word' id='word_1_33' title='bbox 711 760 908 848; x_wconf 76' lang='grc' dir='ltr'><strong><em>δηλουμένῳ</em></strong></span> <span class='ocrx_word' id='word_1_34' title='bbox 935 759 991 824; x_wconf 84' lang='grc' dir='ltr'><strong><em>καὶ</em></strong></span> <span class='ocrx_word' id='word_1_35' title='bbox 1019 763 1067 824; x_wconf 85' lang='grc' dir='ltr'><strong><em>έτι</em></strong></span> <span class='ocrx_word' id='word_1_36' title='bbox 1094 757 1135 823; x_wconf 78' lang='lat' dir='ltr'><strong><em>cd</em></strong></span> <span class='ocrx_word' id='word_1_37' title='bbox 1162 743 1299 843; x_wconf 78' lang='grc' dir='ltr'><strong><em>κτητικίι</em></strong></span> <span class='ocrx_word' id='word_1_38' title='bbox 1325 757 1391 823; x_wconf 81' lang='grc' dir='ltr'><strong><em>καὶ</em></strong></span> 
     </span>
     <span class='ocr_line' id='line_1_6' title="bbox 267 861 1391 957; baseline -0.002 -23"><span class='ocrx_word' id='word_1_39' title='bbox 267 869 352 940; x_wconf 80' lang='grc' dir='ltr'><strong><em>ἄλλα</em></strong></span> <span class='ocrx_word' id='word_1_40' title='bbox 384 874 525 936; x_wconf 82' lang='grc' dir='ltr'><strong><em>πλεῖστα</em></strong></span> <span class='ocrx_word' id='word_1_41' title='bbox 559 875 707 937; x_wconf 81' lang='grc' dir='ltr'><strong><em>τοιαῦτα.</em></strong></span> <span class='ocrx_word' id='word_1_42' title='bbox 748 869 816 948; x_wconf 82' lang='grc' dir='ltr'><strong><em>Ὡς·</em></strong></span> <span class='ocrx_word' id='word_1_43' title='bbox 836 861 899 936; x_wconf 82' lang='grc' dir='ltr'><strong><em>οὖν</em></strong></span> <span class='ocrx_word' id='word_1_44' title='bbox 932 874 979 957; x_wconf 78' lang='grc' dir='ltr'><strong><em>τῳ</em></strong></span> <span class='ocrx_word' id='word_1_45' title='bbox 1007 869 1101 956; x_wconf 87' lang='grc' dir='ltr'><strong><em>τύπῳ</em></strong></span> <span class='ocrx_word' id='word_1_46' title='bbox 1133 873 1391 955; x_wconf 81' lang='grc' dir='ltr'><strong><em>πατρωνυμικῷ</em></strong></span> 
     </span>
     <span class='ocr_line' id='line_1_7' title="bbox 267 977 1390 1068; baseline -0.002 -24"><span class='ocrx_word' id='word_1_47' title='bbox 267 980 557 1067; x_wconf 84' lang='grc' dir='ltr'><strong><em>προςκεχρημένον</em></strong></span> <span class='ocrx_word' id='word_1_48' title='bbox 579 979 620 1046; x_wconf 82' lang='grc' dir='ltr'><strong><em>οὐ</em></strong></span> <span class='ocrx_word' id='word_1_49' title='bbox 640 979 711 1066; x_wconf 89' lang='grc' dir='ltr'><strong><em>μῆν</em></strong></span> <span class='ocrx_word' id='word_1_50' title='bbox 726 981 924 1068; x_wconf 79' lang='grc' dir='ltr'><em>δηλουμένῳ</em></span> <span class='ocrx_word' id='word_1_51' title='bbox 939 977 1200 1066; x_wconf 86' lang='grc' dir='ltr'><strong><em>πατρωνυμικδν</em></strong></span> <span class='ocrx_word' id='word_1_52' title='bbox 1222 981 1390 1062; x_wconf 80' lang='grc' dir='ltr'><strong><em>δηλοῦται</em></strong></span> 
     </span>
     <span class='ocr_line' id='line_1_8' title="bbox 187 1084 1390 1179; baseline -0.002 -23"><span class='ocrx_word' id='word_1_53' title='bbox 187 1084 190 1089; x_wconf 58' lang='grc'><strong>’</strong></span> <span class='ocrx_word' id='word_1_54' title='bbox 267 1089 375 1177; x_wconf 74' lang='grc' dir='ltr'><strong><em>ὥςπερ</em></strong></span> <span class='ocrx_word' id='word_1_55' title='bbox 398 1089 438 1155; x_wconf 77' lang='grc' dir='ltr'><strong><em>τοὶ</em></strong></span> <span class='ocrx_word' id='word_1_56' title='bbox 461 1091 555 1179; x_wconf 90' lang='grc' dir='ltr'><strong><em>τύπῳ</em></strong></span> <span class='ocrx_word' id='word_1_57' title='bbox 577 1089 739 1177; x_wconf 79' lang='grc' dir='ltr'><strong><em>ιλρσενικιὶ</em></strong></span> <span class='ocrx_word' id='word_1_58' title='bbox 767 1089 807 1156; x_wconf 91' lang='grc' dir='ltr'><strong><em>ού</em></strong></span> <span class='ocrx_word' id='word_1_59' title='bbox 829 1089 896 1176; x_wconf 89' lang='grc' dir='ltr'><strong><em>μῆν</em></strong></span> <span class='ocrx_word' id='word_1_60' title='bbox 916 1090 1113 1178; x_wconf 78' lang='grc' dir='ltr'><strong><em>δηλουμένῳ</em></strong></span> <span class='ocrx_word' id='word_1_61' title='bbox 1135 1089 1297 1174; x_wconf 78' lang='grc' dir='ltr'><strong><em>ἀρσενικὰ</em></strong></span> <span class='ocrx_word' id='word_1_62' title='bbox 1319 1113 1390 1154; x_wconf 84' lang='grc' dir='ltr'><strong><em>κα-</em></strong></span> 
     </span>
     <span class='ocr_line' id='line_1_9' title="bbox 267 1204 1468 1284; baseline -0.002 -19"><span class='ocrx_word' id='word_1_63' title='bbox 267 1205 374 1266; x_wconf 78' lang='grc' dir='ltr'><strong><em>λεῖται</em></strong></span> <span class='ocrx_word' id='word_1_64' title='bbox 397 1206 467 1266; x_wconf 87' lang='grc' dir='ltr'><strong><em>κτλ.</em></strong></span> <span class='ocrx_word' id='word_1_65' title='bbox 495 1214 524 1266; x_wconf 88' lang='lat' dir='ltr'>et</span> <span class='ocrx_word' id='word_1_66' title='bbox 545 1212 578 1266; x_wconf 89' lang='lat' dir='ltr'><strong><em>ut</em></strong></span> <span class='ocrx_word' id='word_1_67' title='bbox 602 1208 695 1284; x_wconf 80' lang='lat' dir='ltr'>magis</span> <span class='ocrx_word' id='word_1_68' title='bbox 717 1209 803 1266; x_wconf 84' lang='lat' dir='ltr'>etiam</span> <span class='ocrx_word' id='word_1_69' title='bbox 824 1205 986 1268; x_wconf 78' lang='lat' dir='ltr'><strong>illustretur</strong></span> <span class='ocrx_word' id='word_1_70' title='bbox 1008 1224 1110 1266; x_wconf 91' lang='lat' dir='ltr'>eorum</span> <span class='ocrx_word' id='word_1_71' title='bbox 1133 1207 1276 1265; x_wconf 86' lang='lat' dir='ltr'>sententie</span> <span class='ocrx_word' id='word_1_72' title='bbox 1293 1204 1389 1282; x_wconf 81' lang='lat' dir='ltr'>dpol-</span> <span class='ocrx_word' id='word_1_73' title='bbox 1467 1247 1468 1250; x_wconf 63' lang='lat'>,</span> 
     </span>
     <span class='ocr_line' id='line_1_10' title="bbox 268 1304 1389 1394; baseline 0 -20"><span class='ocrx_word' id='word_1_74' title='bbox 268 1313 326 1375; x_wconf 91' lang='lat' dir='ltr'>lon.</span> <span class='ocrx_word' id='word_1_75' title='bbox 350 1316 387 1375; x_wconf 90' lang='lat' dir='ltr'>de</span> <span class='ocrx_word' id='word_1_76' title='bbox 407 1324 566 1376; x_wconf 77' lang='lat' dir='ltr'>construet.</span> <span class='ocrx_word' id='word_1_77' title='bbox 591 1335 619 1394; x_wconf 91' lang='lat' dir='ltr'><strong><em>p.</em></strong></span> <span class='ocrx_word' id='word_1_78' title='bbox 635 1317 707 1387; x_wconf 82' lang='grc'><strong><em>481,</em></strong></span> <span class='ocrx_word' id='word_1_79' title='bbox 731 1315 771 1377; x_wconf 79' lang='lat'><strong><em>28</em></strong></span> <span class='ocrx_word' id='word_1_80' title='bbox 793 1337 827 1377; x_wconf 87' lang='lat' dir='ltr'>ex</span> <span class='ocrx_word' id='word_1_81' title='bbox 843 1323 941 1377; x_wconf 91' lang='lat' dir='ltr'>mente</span> <span class='ocrx_word' id='word_1_82' title='bbox 959 1319 1118 1378; x_wconf 78' lang='lat' dir='ltr'>stoicorum</span> <span class='ocrx_word' id='word_1_83' title='bbox 1140 1304 1214 1394; x_wconf 83' lang='lat' dir='ltr'>quos</span> <span class='ocrx_word' id='word_1_84' title='bbox 1233 1333 1297 1375; x_wconf 91' lang='lat' dir='ltr'>sese</span> <span class='ocrx_word' id='word_1_85' title='bbox 1318 1317 1389 1374; x_wconf 84' lang='lat' dir='ltr'>serr</span> 
     </span>
     <span class='ocr_line' id='line_1_11' title="bbox 251 1419 1391 1506; baseline 0.001 -21"><span class='ocrx_word' id='word_1_86' title='bbox 251 1425 402 1485; x_wconf 75' lang='lat' dir='ltr'>&#39;secutum</span> <span class='ocrx_word' id='word_1_87' title='bbox 429 1444 493 1487; x_wconf 87' lang='lat' dir='ltr'>csse</span> <span class='ocrx_word' id='word_1_88' title='bbox 516 1428 587 1486; x_wconf 82' lang='lat' dir='ltr'>dixit</span> <span class='ocrx_word' id='word_1_89' title='bbox 614 1445 642 1506; x_wconf 93' lang='lat' dir='ltr'><strong><em>p.</em></strong></span> <span class='ocrx_word' id='word_1_90' title='bbox 668 1427 786 1496; x_wconf 76' lang='lat'>480‚‘2</span> <span class='ocrx_word' id='word_1_91' title='bbox 815 1429 1076 1487; x_wconf 82' lang='lat' dir='ltr'>sermocinantem:</span> <span class='ocrx_word' id='word_1_92' title='bbox 1107 1421 1163 1486; x_wconf 78' lang='grc' dir='ltr'><strong><em>καὶ</em></strong></span> <span class='ocrx_word' id='word_1_93' title='bbox 1192 1419 1244 1486; x_wconf 83' lang='grc' dir='ltr'><strong><em>ἐπ’</em></strong></span> <span class='ocrx_word' id='word_1_94' title='bbox 1269 1419 1391 1486; x_wconf 77' lang='grc' dir='ltr'><strong><em>ἄλλων</em></strong></span> 
     </span>
     <span class='ocr_line' id='line_1_12' title="bbox 268 1530 1389 1620; baseline -0.001 -24"><span class='ocrx_word' id='word_1_95' title='bbox 268 1534 360 1596; x_wconf 83' lang='grc' dir='ltr'><strong><em>ἔστιν</em></strong></span> <span class='ocrx_word' id='word_1_96' title='bbox 382 1533 557 1616; x_wconf 76' lang='grc' dir='ltr'><strong><em>ἐπινοῆσαι</em></strong></span> <span class='ocrx_word' id='word_1_97' title='bbox 581 1532 659 1620; x_wconf 78' lang='grc' dir='ltr'><strong><em>[ὅτι]</em></strong></span> <span class='ocrx_word' id='word_1_98' title='bbox 683 1531 728 1596; x_wconf 80' lang='grc' dir='ltr'><strong><em>τὰ</em></strong></span> <span class='ocrx_word' id='word_1_99' title='bbox 758 1530 861 1597; x_wconf 78' lang='lat' dir='ltr'>edroi</span> <span class='ocrx_word' id='word_1_100' title='bbox 890 1532 986 1598; x_wconf 80' lang='lat' dir='ltr'>dora</span> <span class='ocrx_word' id='word_1_101' title='bbox 1008 1532 1252 1616; x_wconf 81' lang='grc' dir='ltr'><strong><em>μαχομένην</em></strong></span> <span class='ocrx_word' id='word_1_102' title='bbox 1280 1535 1389 1596; x_wconf 91' lang='grc' dir='ltr'><strong><em>πολ-</em></strong></span> 
     </span>
     <span class='ocr_line' id='line_1_13' title="bbox 268 1638 1389 1726; baseline 0 -20"><span class='ocrx_word' id='word_1_103' title='bbox 268 1642 394 1717; x_wconf 80' lang='grc' dir='ltr'><strong><em>λάκις</em></strong></span> <span class='ocrx_word' id='word_1_104' title='bbox 416 1639 650 1726; x_wconf 83' lang='grc' dir='ltr'><strong><em>ὀνομασίαν</em></strong></span> <span class='ocrx_word' id='word_1_105' title='bbox 665 1638 709 1708; x_wconf 75' lang='grc' dir='ltr'><strong><em>δν</em></strong></span> <span class='ocrx_word' id='word_1_106' title='bbox 733 1643 910 1722; x_wconf 80' lang='grc' dir='ltr'><strong><em>ἐδέξατο.</em></strong></span> <span class='ocrx_word' id='word_1_107' title='bbox 956 1644 1073 1726; x_wconf 76' lang='grc' dir='ltr'><strong><em>Φαμὲν</em></strong></span> <span class='ocrx_word' id='word_1_108' title='bbox 1094 1640 1132 1707; x_wconf 85' lang='grc' dir='ltr'><strong><em>τὸ</em></strong></span> <span class='ocrx_word' id='word_1_109' title='bbox 1153 1642 1298 1726; x_wconf 80' lang='grc' dir='ltr'><strong><em>μάχομαι</em></strong></span> <span class='ocrx_word' id='word_1_110' title='bbox 1316 1665 1389 1706; x_wconf 80' lang='grc' dir='ltr'><strong><em>πα-</em></strong></span> 
     </span>
     <span class='ocr_line' id='line_1_14' title="bbox 266 1749 1386 1841; baseline 0 -25"><span class='ocrx_word' id='word_1_111' title='bbox 266 1749 409 1835; x_wconf 73' lang='grc' dir='ltr'><strong><em>δητικδν</em></strong></span> <span class='ocrx_word' id='word_1_112' title='bbox 430 1751 487 1817; x_wconf 79' lang='grc' dir='ltr'><strong><em>καὶ</em></strong></span> <span class='ocrx_word' id='word_1_113' title='bbox 515 1755 620 1836; x_wconf 91' lang='grc' dir='ltr'><strong><em>δῆλον</em></strong></span> <span class='ocrx_word' id='word_1_114' title='bbox 643 1753 693 1818; x_wconf 83' lang='grc' dir='ltr'><strong><em>ὅτι</em></strong></span> <span class='ocrx_word' id='word_1_115' title='bbox 714 1757 761 1840; x_wconf 77' lang='grc' dir='ltr'><strong><em>τῷ</em></strong></span> <span class='ocrx_word' id='word_1_116' title='bbox 789 1754 883 1841; x_wconf 87' lang='grc' dir='ltr'><strong><em>τύπῳ</em></strong></span> <span class='ocrx_word' id='word_1_117' title='bbox 914 1757 1128 1838; x_wconf 80' lang='grc' dir='ltr'><strong><em>τῆςφωνῆς·</em></strong></span> <span class='ocrx_word' id='word_1_118' title='bbox 1163 1755 1193 1818; x_wconf 86' lang='grc' dir='ltr'><strong><em>εί</em></strong></span> <span class='ocrx_word' id='word_1_119' title='bbox 1216 1751 1286 1837; x_wconf 71' lang='grc' dir='ltr'><strong><em>μὰρ</em></strong></span> <span class='ocrx_word' id='word_1_120' title='bbox 1313 1749 1386 1816; x_wconf 84' lang='grc' dir='ltr'><strong><em>απὸ</em></strong></span> 
     </span>
     <span class='ocr_line' id='line_1_15' title="bbox 251 1853 1469 1949; baseline 0 -23"><span class='ocrx_word' id='word_1_121' title='bbox 251 1856 328 1926; x_wconf 60' lang='grc' dir='ltr'><strong><em>’τού</em></strong></span> <span class='ocrx_word' id='word_1_122' title='bbox 349 1863 561 1946; x_wconf 85' lang='grc' dir='ltr'><strong><em>δηλουμένου</em></strong></span> <span class='ocrx_word' id='word_1_123' title='bbox 584 1866 689 1948; x_wconf 86' lang='grc' dir='ltr'><strong><em>δῆλον</em></strong></span> <span class='ocrx_word' id='word_1_124' title='bbox 713 1863 763 1929; x_wconf 78' lang='grc' dir='ltr'><strong><em>ὅτι</em></strong></span> <span class='ocrx_word' id='word_1_125' title='bbox 786 1864 1013 1949; x_wconf 80' lang='grc' dir='ltr'><strong><em>ἐνεργητικόν.</em></strong></span> <span class='ocrx_word' id='word_1_126' title='bbox 1055 1861 1155 1928; x_wconf 82' lang='grc' dir='ltr'><strong><em>Ἀλλὰ</em></strong></span> <span class='ocrx_word' id='word_1_127' title='bbox 1177 1859 1245 1946; x_wconf 86' lang='grc' dir='ltr'><strong><em>μῆν</em></strong></span> <span class='ocrx_word' id='word_1_128' title='bbox 1266 1863 1321 1926; x_wconf 83' lang='grc' dir='ltr'><strong><em>καὶ</em></strong></span> <span class='ocrx_word' id='word_1_129' title='bbox 1344 1861 1384 1927; x_wconf 83' lang='grc' dir='ltr'><strong><em>τὸ</em></strong></span> <span class='ocrx_word' id='word_1_130' title='bbox 1468 1853 1469 1866; x_wconf 60' lang='grc'>’</span> 
     </span>
     <span class='ocr_line' id='line_1_16' title="bbox 268 1971 1386 2061; baseline -0.002 -23"><span class='ocrx_word' id='word_1_131' title='bbox 268 1975 404 2038; x_wconf 77' lang='grc' dir='ltr'><strong><em>παιδίον</em></strong></span> <span class='ocrx_word' id='word_1_132' title='bbox 423 1971 602 2061; x_wconf 81' lang='grc' dir='ltr'><strong><em>οὐδέτερον</em></strong></span> <span class='ocrx_word' id='word_1_133' title='bbox 627 1973 684 2040; x_wconf 81' lang='grc' dir='ltr'><strong><em>διδ</em></strong></span> <span class='ocrx_word' id='word_1_134' title='bbox 706 1972 765 2040; x_wconf 89' lang='grc' dir='ltr'><strong><em>τὸν</em></strong></span> <span class='ocrx_word' id='word_1_135' title='bbox 785 1974 904 2058; x_wconf 84' lang='grc' dir='ltr'><strong><em>τύπον,</em></strong></span> <span class='ocrx_word' id='word_1_136' title='bbox 931 1974 1002 2040; x_wconf 81' lang='grc' dir='ltr'><strong><em>ἐπεὶ</em></strong></span> <span class='ocrx_word' id='word_1_137' title='bbox 1021 1971 1213 2058; x_wconf 84' lang='grc' dir='ltr'><strong><em>ιἰμφότερόν</em></strong></span> <span class='ocrx_word' id='word_1_138' title='bbox 1235 1975 1303 2038; x_wconf 82' lang='grc' dir='ltr'><strong><em>ἐστι</em></strong></span> <span class='ocrx_word' id='word_1_139' title='bbox 1325 1972 1386 2036; x_wconf 79' lang='grc' dir='ltr'><strong><em>διὰ</em></strong></span> 
     </span>
     <span class='ocr_line' id='line_1_17' title="bbox 267 2081 1385 2168; baseline 0 -21"><span class='ocrx_word' id='word_1_140' title='bbox 267 2081 305 2148; x_wconf 91' lang='grc' dir='ltr'><strong><em>τδ</em></strong></span> <span class='ocrx_word' id='word_1_141' title='bbox 327 2083 539 2168; x_wconf 85' lang='grc' dir='ltr'><strong><em>δηλούμενον</em></strong></span> <span class='ocrx_word' id='word_1_142' title='bbox 562 2136 568 2150; x_wconf 98' lang='grc'><strong><em>.</em></strong></span> <span class='ocrx_word' id='word_1_143' title='bbox 594 2137 601 2150; x_wconf 94' lang='grc'><strong><em>.</em></strong></span> <span class='ocrx_word' id='word_1_144' title='bbox 626 2137 633 2151; x_wconf 96' lang='grc'><strong><em>.</em></strong></span> <span class='ocrx_word' id='word_1_145' title='bbox 657 2083 743 2150; x_wconf 80' lang='grc' dir='ltr'><strong><em>ἀλλὰ</em></strong></span> <span class='ocrx_word' id='word_1_146' title='bbox 776 2085 832 2150; x_wconf 78' lang='grc' dir='ltr'><strong><em>καὶ</em></strong></span> <span class='ocrx_word' id='word_1_147' title='bbox 863 2083 899 2149; x_wconf 88' lang='grc' dir='ltr'><strong><em>τδ</em></strong></span> <span class='ocrx_word' id='word_1_148' title='bbox 926 2088 1035 2168; x_wconf 80' lang='grc' dir='ltr'><strong><em>Θῆβαι</em></strong></span> <span class='ocrx_word' id='word_1_149' title='bbox 1065 2082 1298 2168; x_wconf 71' lang='grc' dir='ltr'><strong><em>πληθυντικὸν</em></strong></span> <span class='ocrx_word' id='word_1_150' title='bbox 1325 2083 1385 2148; x_wconf 88' lang='grc' dir='ltr'><strong><em>καὶ</em></strong></span> 
     </span>
     <span class='ocr_line' id='line_1_18' title="bbox 267 2191 1386 2280; baseline -0.001 -22"><span class='ocrx_word' id='word_1_151' title='bbox 267 2198 327 2277; x_wconf 88' lang='grc' dir='ltr'><strong><em>μία</em></strong></span> <span class='ocrx_word' id='word_1_152' title='bbox 353 2194 374 2278; x_wconf 86' lang='grc' dir='ltr'><strong><em>ῆ</em></strong></span> <span class='ocrx_word' id='word_1_153' title='bbox 397 2191 601 2279; x_wconf 79' lang='grc' dir='ltr'><strong><em>ὑποκειμένη</em></strong></span> <span class='ocrx_word' id='word_1_154' title='bbox 629 2195 762 2280; x_wconf 57' lang='grc' dir='ltr'><strong><em>πόλιςῑ).</em></strong></span> <span class='ocrx_word' id='word_1_155' title='bbox 808 2201 868 2260; x_wconf 81' lang='lat' dir='ltr'><strong><em>lam</em></strong></span> <span class='ocrx_word' id='word_1_156' title='bbox 891 2207 1014 2278; x_wconf 82' lang='lat' dir='ltr'>apparet</span> <span class='ocrx_word' id='word_1_157' title='bbox 1034 2199 1181 2278; x_wconf 84' lang='lat' dir='ltr'>quomodo</span> <span class='ocrx_word' id='word_1_158' title='bbox 1204 2198 1386 2277; x_wconf 82' lang='lat' dir='ltr'>Chrysippus</span> 
     </span>
     <span class='ocr_line' id='line_1_19' title="bbox 268 2303 1470 2390; baseline -0.004 -22"><span class='ocrx_word' id='word_1_159' title='bbox 268 2310 297 2368; x_wconf 93' lang='lat' dir='ltr'><strong><em>in</em></strong></span> <span class='ocrx_word' id='word_1_160' title='bbox 319 2307 423 2368; x_wconf 87' lang='lat' dir='ltr'>trihus.</span> <span class='ocrx_word' id='word_1_161' title='bbox 442 2308 525 2368; x_wconf 89' lang='lat' dir='ltr'>libris</span> <span class='ocrx_word' id='word_1_162' title='bbox 546 2303 623 2390; x_wconf 79' lang='grc' dir='ltr'><strong><em>περί</em></strong></span> <span class='ocrx_word' id='word_1_163' title='bbox 657 2310 716 2388; x_wconf 81' lang='grc' dir='ltr'><strong><em>τῆς</em></strong></span> <span class='ocrx_word' id='word_1_164' title='bbox 738 2303 930 2389; x_wconf 75' lang='grc' dir='ltr'><strong><em>ἀνωμαλίας</em></strong></span> <span class='ocrx_word' id='word_1_165' title='bbox 957 2303 1041 2390; x_wconf 85' lang='grc' dir='ltr'><strong><em>πρὸς</em></strong></span> <span class='ocrx_word' id='word_1_166' title='bbox 1061 2309 1180 2369; x_wconf 88' lang='grc' dir='ltr'><strong><em>Δίωνα</em></strong></span> <span class='ocrx_word' id='word_1_167' title='bbox 1204 2308 1259 2388; x_wconf 88' lang='lat' dir='ltr'>(cl.</span> <span class='ocrx_word' id='word_1_168' title='bbox 1283 2309 1384 2368; x_wconf 81' lang='lat' dir='ltr'>Luert.</span> <span class='ocrx_word' id='word_1_169' title='bbox 1469 2333 1470 2362; x_wconf 78' lang='lat' dir='ltr'>t</span> 
     </span>
     <span class='ocr_line' id='line_1_20' title="bbox 268 2417 1385 2496; baseline -0.002 -17"><span class='ocrx_word' id='word_1_170' title='bbox 268 2419 423 2496; x_wconf 66' lang='lat' dir='ltr'>Diopvtt,</span> <span class='ocrx_word' id='word_1_171' title='bbox 451 2419 519 2494; x_wconf 80' lang='lat'>192)</span> <span class='ocrx_word' id='word_1_172' title='bbox 543 2421 638 2479; x_wconf 83' lang='lat' dir='ltr'>notari</span> <span class='ocrx_word' id='word_1_173' title='bbox 663 2420 771 2480; x_wconf 90' lang='lat' dir='ltr'>similes</span> <span class='ocrx_word' id='word_1_174' title='bbox 797 2439 846 2481; x_wconf 87' lang='lat' dir='ltr'><strong><em>res</em></strong></span> <span class='ocrx_word' id='word_1_175' title='bbox 868 2419 1056 2480; x_wconf 80' lang='lat' dir='ltr'>dissimilibus</span> <span class='ocrx_word' id='word_1_176' title='bbox 1082 2419 1250 2487; x_wconf 82' lang='lat' dir='ltr'>uocabulis,</span> <span class='ocrx_word' id='word_1_177' title='bbox 1281 2417 1385 2480; x_wconf 91' lang='lat' dir='ltr'>simili·</span> 
     </span>
     <span class='ocr_line' id='line_1_21' title="bbox 268 2529 1385 2611; baseline -0.001 -22"><span class='ocrx_word' id='word_1_178' title='bbox 268 2529 323 2590; x_wconf 91' lang='lat' dir='ltr'>hus</span> <span class='ocrx_word' id='word_1_179' title='bbox 351 2529 506 2589; x_wconf 86' lang='lat' dir='ltr'>dissimiles</span> <span class='ocrx_word' id='word_1_180' title='bbox 532 2529 693 2611; x_wconf 59' lang='lat' dir='ltr'>dixerit²p</span> <span class='ocrx_word' id='word_1_181' title='bbox 723 2531 798 2592; x_wconf 90' lang='lat' dir='ltr'>Hinc</span> <span class='ocrx_word' id='word_1_182' title='bbox 826 2531 914 2609; x_wconf 85' lang='lat' dir='ltr'>igitur</span> <span class='ocrx_word' id='word_1_183' title='bbox 942 2529 1092 2608; x_wconf 87' lang='lat' dir='ltr'>proiectus</span> <span class='ocrx_word' id='word_1_184' title='bbox 1115 2530 1295 2599; x_wconf 66' lang='grc' dir='ltr'><strong><em>συνδικίας,</em></strong></span> <span class='ocrx_word' id='word_1_185' title='bbox 1327 2548 1385 2588; x_wconf 87' lang='lat' dir='ltr'>nec</span> 
     </span>
     <span class='ocr_line' id='line_1_22' title="bbox 268 2639 1385 2718; baseline 0.002 -20"><span class='ocrx_word' id='word_1_186' title='bbox 268 2639 337 2700; x_wconf 81' lang='lat' dir='ltr'>lutet</span> <span class='ocrx_word' id='word_1_187' title='bbox 359 2658 447 2717; x_wconf 70' lang='lat' dir='ltr'>qurum</span> <span class='ocrx_word' id='word_1_188' title='bbox 470 2639 703 2718; x_wconf 80' lang='lat' dir='ltr'>facile-potuerit</span> <span class='ocrx_word' id='word_1_189' title='bbox 726 2641 781 2702; x_wconf 83' lang='lat' dir='ltr'><strong><em>hnc</em></strong></span> <span class='ocrx_word' id='word_1_190' title='bbox 804 2641 935 2701; x_wconf 70' lang='lat' dir='ltr'>electrina</span> <span class='ocrx_word' id='word_1_191' title='bbox 960 2641 995 2701; x_wconf 88' lang='lat' dir='ltr'>ed</span> <span class='ocrx_word' id='word_1_192' title='bbox 1019 2641 1234 2718; x_wconf 79' lang='lat' dir='ltr'>impugnandos</span> <span class='ocrx_word' id='word_1_193' title='bbox 1256 2641 1385 2700; x_wconf 79' lang='lat' dir='ltr'>Aristar·</span> 
     </span>
     <span class='ocr_line' id='line_1_23' title="bbox 269 2751 1384 2831; baseline -0.001 -21"><span class='ocrx_word' id='word_1_194' title='bbox 269 2751 358 2811; x_wconf 87' lang='lat' dir='ltr'>choos</span> <span class='ocrx_word' id='word_1_195' title='bbox 378 2754 435 2820; x_wconf 89' lang='lat' dir='ltr'>uti,</span> <span class='ocrx_word' id='word_1_196' title='bbox 466 2751 495 2810; x_wconf 91' lang='lat' dir='ltr'><strong><em>id</em></strong></span> <span class='ocrx_word' id='word_1_197' title='bbox 518 2752 595 2829; x_wconf 85' lang='lat' dir='ltr'>quod</span> <span class='ocrx_word' id='word_1_198' title='bbox 619 2753 711 2811; x_wconf 83' lang='lat' dir='ltr'>Varro</span> <span class='ocrx_word' id='word_1_199' title='bbox 733 2770 850 2831; x_wconf 83' lang='lat' dir='ltr'>quoque</span> <span class='ocrx_word' id='word_1_200' title='bbox 873 2770 926 2811; x_wconf 92' lang='lat' dir='ltr'>suo</span> <span class='ocrx_word' id='word_1_201' title='bbox 949 2753 1075 2810; x_wconf 84' lang='lat' dir='ltr'>ellirmut</span> <span class='ocrx_word' id='word_1_202' title='bbox 1096 2751 1243 2829; x_wconf 83' lang='lat' dir='ltr'>exemplo,</span> <span class='ocrx_word' id='word_1_203' title='bbox 1272 2753 1321 2829; x_wconf 90' lang='lat' dir='ltr'><strong><em>qui</em></strong></span> <span class='ocrx_word' id='word_1_204' title='bbox 1352 2753 1384 2810; x_wconf 91' lang='lat' dir='ltr'><strong><em>in</em></strong></span> 
     </span>
    </p>
   </div>
   <div class='ocr_carea' id='block_1_3' title="bbox 270 2859 1471 2930">
    <p class='ocr_par' dir='ltr' id='par_1_3' title="bbox 270 2859 1471 2930">
     <span class='ocr_line' id='line_1_24' title="bbox 270 2859 1471 2930; baseline 0.001 -10"><span class='ocrx_word' id='word_1_205' title='bbox 270 2869 374 2920; x_wconf 82' lang='lat' dir='ltr'>octauo</span> <span class='ocrx_word' id='word_1_206' title='bbox 401 2861 476 2920; x_wconf 91' lang='lat' dir='ltr'>libro</span> <span class='ocrx_word' id='word_1_207' title='bbox 503 2871 534 2919; x_wconf 90' lang='lat' dir='ltr'><strong><em>ut</em></strong></span> <span class='ocrx_word' id='word_1_208' title='bbox 556 2862 738 2922; x_wconf 84' lang='lat' dir='ltr'>demonstret</span> <span class='ocrx_word' id='word_1_209' title='bbox 759 2861 933 2922; x_wconf 81' lang='lat' dir='ltr'>anomalinm</span> <span class='ocrx_word' id='word_1_210' title='bbox 959 2863 989 2924; x_wconf 92' lang='lat' dir='ltr'><strong><em>in</em></strong></span> <span class='ocrx_word' id='word_1_211' title='bbox 1009 2861 1190 2921; x_wconf 79' lang='lat' dir='ltr'>declinandis</span> <span class='ocrx_word' id='word_1_212' title='bbox 1213 2859 1311 2922; x_wconf 88' lang='lat' dir='ltr'>uerbis</span> <span class='ocrx_word' id='word_1_213' title='bbox 1333 2879 1385 2921; x_wconf 90' lang='lat' dir='ltr'>re·</span> <span class='ocrx_word' id='word_1_214' title='bbox 1470 2911 1471 2930; x_wconf 64' lang='grc'>,</span> 
     </span>
    </p>
   </div>
   <div class='ocr_carea' id='block_1_4' title="bbox 251 3027 1471 3792">
    <p class='ocr_par' dir='ltr' id='par_1_4' title="bbox 268 3027 1471 3195">
     <span class='ocr_line' id='line_1_25' title="bbox 355 3027 1471 3114; baseline 0.004 -20"><span class='ocrx_word' id='word_1_215' title='bbox 355 3047 377 3110; x_wconf 84' lang='lat' dir='ltr'><strong><em>l)</em></strong></span> <span class='ocrx_word' id='word_1_216' title='bbox 400 3048 465 3096; x_wconf 86' lang='lat' dir='ltr'>Pari</span> <span class='ocrx_word' id='word_1_217' title='bbox 489 3049 597 3098; x_wconf 86' lang='lat' dir='ltr'>ratione</span> <span class='ocrx_word' id='word_1_218' title='bbox 622 3053 719 3098; x_wconf 83' lang='lat' dir='ltr'>eontra</span> <span class='ocrx_word' id='word_1_219' title='bbox 744 3048 901 3114; x_wconf 83' lang='lat' dir='ltr'>analogiam</span> <span class='ocrx_word' id='word_1_220' title='bbox 925 3048 1069 3100; x_wconf 80' lang='lat' dir='ltr'>dimiceuit</span> <span class='ocrx_word' id='word_1_221' title='bbox 1091 3047 1165 3098; x_wconf 76' lang='lat' dir='ltr'>Sext.</span> <span class='ocrx_word' id='word_1_222' title='bbox 1190 3048 1292 3114; x_wconf 88' lang='lat' dir='ltr'>Empir.</span> <span class='ocrx_word' id='word_1_223' title='bbox 1318 3047 1384 3104; x_wconf 79' lang='lat' dir='ltr'>adu.</span> <span class='ocrx_word' id='word_1_224' title='bbox 1470 3027 1471 3066; x_wconf 42' lang='grc' dir='ltr'><strong><em>δ</em></strong></span> 
     </span>
     <span class='ocr_line' id='line_1_26' title="bbox 268 3131 469 3195; baseline -0.005 -14"><span class='ocrx_word' id='word_1_225' title='bbox 268 3131 350 3182; x_wconf 84' lang='lat' dir='ltr'>moth.</span> <span class='ocrx_word' id='word_1_226' title='bbox 370 3133 392 3195; x_wconf 85' lang='grc' dir='ltr'><strong><em>Ι,</em></strong></span> <span class='ocrx_word' id='word_1_227' title='bbox 414 3131 469 3181; x_wconf 79' lang='grc'><strong><em>154.</em></strong></span> 
     </span>
    </p>

    <p class='ocr_par' dir='ltr' id='par_1_5' title="bbox 267 3215 1385 3538">
     <span class='ocr_line' id='line_1_27' title="bbox 352 3215 1384 3284; baseline 0.002 -19"><span class='ocrx_word' id='word_1_228' title='bbox 352 3216 378 3280; x_wconf 80' lang='lat'><strong><em>2)</em></strong></span> <span class='ocrx_word' id='word_1_229' title='bbox 403 3215 448 3266; x_wconf 84' lang='lat' dir='ltr'><strong><em>Sic</em></strong></span> <span class='ocrx_word' id='word_1_230' title='bbox 473 3217 637 3282; x_wconf 77' lang='lat' dir='ltr'>explicanda</span> <span class='ocrx_word' id='word_1_231' title='bbox 655 3223 718 3268; x_wconf 87' lang='lat' dir='ltr'>sunt</span> <span class='ocrx_word' id='word_1_232' title='bbox 737 3234 806 3282; x_wconf 89' lang='lat' dir='ltr'>quae</span> <span class='ocrx_word' id='word_1_233' title='bbox 826 3219 945 3284; x_wconf 81' lang='lat' dir='ltr'>loquitur</span> <span class='ocrx_word' id='word_1_234' title='bbox 963 3219 1130 3283; x_wconf 87' lang='lat' dir='ltr'>Chrysippus</span> <span class='ocrx_word' id='word_1_235' title='bbox 1150 3234 1192 3283; x_wconf 83' lang='lat' dir='ltr'><strong><em>ap.</em></strong></span> <span class='ocrx_word' id='word_1_236' title='bbox 1212 3217 1332 3282; x_wconf 86' lang='lat' dir='ltr'>Simplic.</span> <span class='ocrx_word' id='word_1_237' title='bbox 1352 3219 1384 3267; x_wconf 91' lang='lat' dir='ltr'><strong><em>in</em></strong></span> 
     </span>
     <span class='ocr_line' id='line_1_28' title="bbox 267 3291 1385 3369; baseline 0.002 -19"><span class='ocrx_word' id='word_1_238' title='bbox 267 3302 351 3351; x_wconf 90' lang='lat' dir='ltr'>Arist.</span> <span class='ocrx_word' id='word_1_239' title='bbox 372 3307 462 3366; x_wconf 82' lang='lat' dir='ltr'>ceteg.</span> <span class='ocrx_word' id='word_1_240' title='bbox 482 3301 529 3352; x_wconf 79' lang='lat' dir='ltr'>fol:</span> <span class='ocrx_word' id='word_1_241' title='bbox 550 3301 611 3351; x_wconf 86' lang='lat'>100:</span> <span class='ocrx_word' id='word_1_242' title='bbox 637 3291 680 3353; x_wconf 81' lang='grc' dir='ltr'><strong><em>δτι</em></strong></span> <span class='ocrx_word' id='word_1_243' title='bbox 704 3295 795 3353; x_wconf 75' lang='grc' dir='ltr'><strong><em>ἐνίοτε</em></strong></span> <span class='ocrx_word' id='word_1_244' title='bbox 814 3297 867 3369; x_wconf 76' lang='grc' dir='ltr'><strong><em>μὲν</em></strong></span> <span class='ocrx_word' id='word_1_245' title='bbox 884 3293 919 3353; x_wconf 86' lang='grc' dir='ltr'><strong><em>ού</em></strong></span> <span class='ocrx_word' id='word_1_246' title='bbox 937 3297 1086 3368; x_wconf 75' lang='grc' dir='ltr'><strong><em>στερητικαὶ</em></strong></span> <span class='ocrx_word' id='word_1_247' title='bbox 1105 3293 1232 3369; x_wconf 82' lang='grc' dir='ltr'><strong><em>ὀνόματα</em></strong></span> <span class='ocrx_word' id='word_1_248' title='bbox 1250 3295 1385 3368; x_wconf 82' lang='grc' dir='ltr'><strong><em>στέρησιν</em></strong></span> 
     </span>
     <span class='ocr_line' id='line_1_29' title="bbox 269 3377 1383 3454; baseline 0.002 -18"><span class='ocrx_word' id='word_1_249' title='bbox 269 3385 354 3452; x_wconf 81' lang='grc' dir='ltr'><strong><em>δηλοῖ</em></strong></span> <span class='ocrx_word' id='word_1_250' title='bbox 371 3425 378 3440; x_wconf 89' lang='grc'><strong><em>.</em></strong></span> <span class='ocrx_word' id='word_1_251' title='bbox 393 3423 420 3436; x_wconf 89' lang='grc'><strong><em>..</em></strong></span> <span class='ocrx_word' id='word_1_252' title='bbox 440 3377 531 3438; x_wconf 78' lang='grc' dir='ltr'><strong><em>ένιότε</em></strong></span> <span class='ocrx_word' id='word_1_253' title='bbox 556 3380 587 3436; x_wconf 81' lang='grc' dir='ltr'><strong><em>δὲ</em></strong></span> <span class='ocrx_word' id='word_1_254' title='bbox 612 3379 760 3454; x_wconf 76' lang='grc' dir='ltr'><strong><em>στερητικαὶ</em></strong></span> <span class='ocrx_word' id='word_1_255' title='bbox 786 3381 912 3454; x_wconf 86' lang='grc' dir='ltr'><strong><em>ὀνόματα</em></strong></span> <span class='ocrx_word' id='word_1_256' title='bbox 935 3381 969 3437; x_wconf 84' lang='grc' dir='ltr'><strong><em>ού</em></strong></span> <span class='ocrx_word' id='word_1_257' title='bbox 988 3382 1118 3454; x_wconf 84' lang='grc' dir='ltr'><strong><em>στέρησιν</em></strong></span> <span class='ocrx_word' id='word_1_258' title='bbox 1141 3387 1290 3453; x_wconf 83' lang='grc' dir='ltr'><strong><em>δηλοῖ...</em></strong></span> <span class='ocrx_word' id='word_1_259' title='bbox 1314 3389 1383 3438; x_wconf 84' lang='grc' dir='ltr'><strong><em>πολ-</em></strong></span> 
     </span>
     <span class='ocr_line' id='line_1_30' title="bbox 268 3460 1383 3538; baseline 0.002 -18"><span class='ocrx_word' id='word_1_260' title='bbox 268 3469 318 3536; x_wconf 83' lang='grc' dir='ltr'><strong><em>λῆς</em></strong></span> <span class='ocrx_word' id='word_1_261' title='bbox 334 3461 365 3520; x_wconf 67' lang='grc' dir='ltr'><strong><em>δέ</em></strong></span> <span class='ocrx_word' id='word_1_262' title='bbox 382 3460 468 3536; x_wconf 79' lang='grc' dir='ltr'><strong><em>οὔσης</em></strong></span> <span class='ocrx_word' id='word_1_263' title='bbox 480 3470 530 3536; x_wconf 86' lang='grc' dir='ltr'><strong><em>τῆς</em></strong></span> <span class='ocrx_word' id='word_1_264' title='bbox 543 3465 708 3537; x_wconf 81' lang='grc' dir='ltr'><strong><em>οἷνωμαλίας</em></strong></span> <span class='ocrx_word' id='word_1_265' title='bbox 721 3460 932 3538; x_wconf 71' lang='grc' dir='ltr'><strong><em>...έπεξῆλθεν</em></strong></span> <span class='ocrx_word' id='word_1_266' title='bbox 950 3463 1049 3537; x_wconf 81' lang='grc' dir='ltr'><strong><em>αύτῆν.</em></strong></span> <span class='ocrx_word' id='word_1_267' title='bbox 1068 3499 1096 3506; x_wconf 42' lang='grc' dir='ltr'>κ</span> <span class='ocrx_word' id='word_1_268' title='bbox 1113 3474 1175 3522; x_wconf 85' lang='grc' dir='ltr'><strong><em>Ηαο</em></strong></span> <span class='ocrx_word' id='word_1_269' title='bbox 1188 3473 1383 3522; x_wconf 86' lang='lat' dir='ltr'>obseruatione</span> 
     </span>
    </p>

    <p class='ocr_par' dir='ltr' id='par_1_6' title="bbox 251 3537 1382 3792">
     <span class='ocr_line' id='line_1_31' title="bbox 251 3537 1382 3622; baseline 0.002 -18"><span class='ocrx_word' id='word_1_270' title='bbox 251 3537 297 3604; x_wconf 84' lang='lat' dir='ltr'><strong><em>&#39;id</em></strong></span> <span class='ocrx_word' id='word_1_271' title='bbox 311 3556 404 3620; x_wconf 79' lang='lat' dir='ltr'>atlept</span> <span class='ocrx_word' id='word_1_272' title='bbox 397 3573 406 3605; x_wconf 88' lang='lat'><em>1</em></span> <span class='ocrx_word' id='word_1_273' title='bbox 424 3561 488 3607; x_wconf 84' lang='lat' dir='ltr'>sunt</span> <span class='ocrx_word' id='word_1_274' title='bbox 478 3557 581 3605; x_wconf 84' lang='lat' dir='ltr'>tstoiei</span> <span class='ocrx_word' id='word_1_275' title='bbox 594 3561 624 3605; x_wconf 84' lang='lat' dir='ltr'><strong><em>ut</em></strong></span> <span class='ocrx_word' id='word_1_276' title='bbox 641 3563 762 3622; x_wconf 81' lang='lat' dir='ltr'>possent,</span> <span class='ocrx_word' id='word_1_277' title='bbox 770 3559 856 3607; x_wconf 82' lang='lat' dir='ltr'>uerbo</span> <span class='ocrx_word' id='word_1_278' title='bbox 876 3558 1036 3608; x_wconf 79' lang='lat' dir='ltr'>consociare</span> <span class='ocrx_word' id='word_1_279' title='bbox 1055 3557 1120 3606; x_wconf 85' lang='lat' dir='ltr'>solis</span> <span class='ocrx_word' id='word_1_280' title='bbox 1140 3557 1233 3606; x_wconf 84' lang='lat' dir='ltr'>formis</span> <span class='ocrx_word' id='word_1_281' title='bbox 1246 3559 1382 3622; x_wconf 87' lang='lat' dir='ltr'>respectis</span> 
     </span>
     <span class='ocr_line' id='line_1_32' title="bbox 269 3641 1380 3707; baseline 0 -17"><span class='ocrx_word' id='word_1_282' title='bbox 269 3641 350 3691; x_wconf 79' lang='lat' dir='ltr'>ualde</span> <span class='ocrx_word' id='word_1_283' title='bbox 371 3658 387 3690; x_wconf 85' lang='lat' dir='ltr'>a</span> <span class='ocrx_word' id='word_1_284' title='bbox 405 3658 434 3691; x_wconf 94' lang='lat' dir='ltr'><strong><em>se</em></strong></span> <span class='ocrx_word' id='word_1_285' title='bbox 454 3642 655 3706; x_wconf 85' lang='lat' dir='ltr'>discrepantia,</span> <span class='ocrx_word' id='word_1_286' title='bbox 676 3659 705 3692; x_wconf 89' lang='lat' dir='ltr'><strong><em>re</em></strong></span> <span class='ocrx_word' id='word_1_287' title='bbox 724 3647 816 3692; x_wconf 82' lang='lat' dir='ltr'>tamen</span> <span class='ocrx_word' id='word_1_288' title='bbox 836 3647 895 3691; x_wconf 88' lang='lat' dir='ltr'>arte</span> <span class='ocrx_word' id='word_1_289' title='bbox 914 3643 986 3691; x_wconf 88' lang='lat' dir='ltr'>inter</span> <span class='ocrx_word' id='word_1_290' title='bbox 1004 3657 1033 3690; x_wconf 88' lang='lat' dir='ltr'><strong><em>se</em></strong></span> <span class='ocrx_word' id='word_1_291' title='bbox 1054 3657 1171 3705; x_wconf 82' lang='lat' dir='ltr'>conexa,</span> <span class='ocrx_word' id='word_1_292' title='bbox 1197 3643 1232 3691; x_wconf 86' lang='lat' dir='ltr'><strong><em>cf.</em></strong></span> <span class='ocrx_word' id='word_1_293' title='bbox 1252 3642 1380 3707; x_wconf 88' lang='lat' dir='ltr'>Apollon.</span> 
     </span>
     <span class='ocr_line' id='line_1_33' title="bbox 269 3679 1382 3792; baseline 0.002 -18"><span class='ocrx_word' id='word_1_294' title='bbox 269 3725 364 3790; x_wconf 27' lang='lat' dir='ltr'>pwsto</span> <span class='ocrx_word' id='word_1_295' title='bbox 386 3726 430 3775; x_wconf 80' lang='lat'><strong><em>15:</em></strong></span> <span class='ocrx_word' id='word_1_296' title='bbox 449 3725 502 3776; x_wconf 83' lang='grc' dir='ltr'><strong><em>καί</em></strong></span> <span class='ocrx_word' id='word_1_297' title='bbox 519 3741 589 3792; x_wconf 82' lang='grc' dir='ltr'><strong><em>φησι</em></strong></span> <span class='ocrx_word' id='word_1_298' title='bbox 608 3719 796 3792; x_wconf 83' lang='grc' dir='ltr'><strong><em>Χαιρήμων</em></strong></span> <span class='ocrx_word' id='word_1_299' title='bbox 783 3743 798 3777; x_wconf 95' lang='grc' dir='ltr'><strong><em>ο</em></strong></span> <span class='ocrx_word' id='word_1_300' title='bbox 817 3703 932 3785; x_wconf 80' lang='grc' dir='ltr'><strong><em>στωικὸς</em></strong></span> <span class='ocrx_word' id='word_1_301' title='bbox 949 3742 987 3784; x_wconf 81' lang='grc' dir='ltr'><strong><em>ως</em></strong></span> <span class='ocrx_word' id='word_1_302' title='bbox 1005 3741 1077 3775; x_wconf 87' lang='grc' dir='ltr'><strong><em>κατα</em></strong></span> <span class='ocrx_word' id='word_1_303' title='bbox 1096 3742 1122 3776; x_wconf 87' lang='grc' dir='ltr'><strong><em>τι</em></strong></span> <span class='ocrx_word' id='word_1_304' title='bbox 1141 3679 1281 3791; x_wconf 74' lang='grc' dir='ltr'><strong><em>εέησαν</em></strong></span> <span class='ocrx_word' id='word_1_305' title='bbox 1261 3743 1299 3776; x_wconf 87' lang='grc' dir='ltr'><strong><em>αν</em></strong></span> <span class='ocrx_word' id='word_1_306' title='bbox 1316 3719 1382 3776; x_wconf 90' lang='grc' dir='ltr'><strong><em>σύν-</em></strong></span> 
     </span>
    </p>
   </div>
   <div class='ocr_carea' id='block_1_5' title="bbox 162 3801 1383 3904">
    <p class='ocr_par' dir='ltr' id='par_1_7' title="bbox 162 3801 1383 3904">
     <span class='ocr_line' id='line_1_34' title="bbox 162 3801 1383 3904; baseline 0.001 -44"><span class='ocrx_word' id='word_1_307' title='bbox 162 3805 164 3822; x_wconf 84' lang='grc'><strong>“</strong></span> <span class='ocrx_word' id='word_1_308' title='bbox 270 3809 369 3904; x_wconf 80' lang='grc' dir='ltr'><strong><em>δεσμρι</em></strong></span> <span class='ocrx_word' id='word_1_309' title='bbox 397 3810 726 3876; x_wconf 78' lang='grc' dir='ltr'><strong><em>(παραπληρωματικοί).</em></strong></span> <span class='ocrx_word' id='word_1_310' title='bbox 771 3805 930 3877; x_wconf 85' lang='grc' dir='ltr'><strong><em>σύνδεσμον</em></strong></span> <span class='ocrx_word' id='word_1_311' title='bbox 956 3803 1010 3874; x_wconf 74' lang='grc' dir='ltr'><strong><em>γάρ</em></strong></span> <span class='ocrx_word' id='word_1_312' title='bbox 1039 3825 1108 3875; x_wconf 79' lang='grc' dir='ltr'><strong><em>φησι</em></strong></span> <span class='ocrx_word' id='word_1_313' title='bbox 1135 3807 1185 3860; x_wconf 77' lang='grc' dir='ltr'><strong><em>καί</em></strong></span> <span class='ocrx_word' id='word_1_314' title='bbox 1211 3801 1302 3876; x_wconf 86' lang='grc' dir='ltr'><strong><em>αύτῆν</em></strong></span> <span class='ocrx_word' id='word_1_315' title='bbox 1327 3805 1383 3876; x_wconf 89' lang='grc' dir='ltr'><strong><em>τὴν</em></strong></span> 
     </span>
    </p>
   </div>
   <div class='ocr_carea' id='block_1_6' title="bbox 270 3882 1383 3961">
    <p class='ocr_par' dir='ltr' id='par_1_8' title="bbox 270 3882 1383 3961">
     <span class='ocr_line' id='line_1_35' title="bbox 270 3882 1383 3961; baseline 0.002 -18"><span class='ocrx_word' id='word_1_316' title='bbox 270 3887 371 3960; x_wconf 84' lang='grc' dir='ltr'><strong><em>ῳωνῆν</em></strong></span> <span class='ocrx_word' id='word_1_317' title='bbox 391 3889 497 3959; x_wconf 81' lang='grc' dir='ltr'><strong><em>[καλ</em></strong></span> <span class='ocrx_word' id='word_1_318' title='bbox 469 3886 533 3944; x_wconf 78' lang='grc' dir='ltr'><strong><em>τοέ</em></strong></span> <span class='ocrx_word' id='word_1_319' title='bbox 536 3885 671 3960; x_wconf 77' lang='grc' dir='ltr'><strong><em>ξαύΙτῆς</em></strong></span> <span class='ocrx_word' id='word_1_320' title='bbox 690 3888 878 3961; x_wconf 85' lang='grc' dir='ltr'><strong><em>δηλούμενον,</em></strong></span> <span class='ocrx_word' id='word_1_321' title='bbox 897 3913 919 3959; x_wconf 86' lang='grc' dir='ltr'><strong><em>ῳ</em></strong></span> <span class='ocrx_word' id='word_1_322' title='bbox 908 3882 1009 3960; x_wconf 80' lang='grc' dir='ltr'><strong><em>λόγῳ</em></strong></span> <span class='ocrx_word' id='word_1_323' title='bbox 1027 3893 1079 3944; x_wconf 86' lang='grc' dir='ltr'><strong><em>καί</em></strong></span> <span class='ocrx_word' id='word_1_324' title='bbox 1095 3911 1160 3945; x_wconf 92' lang='grc' dir='ltr'><strong><em>τινα</em></strong></span> <span class='ocrx_word' id='word_1_325' title='bbox 1174 3887 1255 3960; x_wconf 70' lang='grc' dir='ltr'><strong><em>ἕτερα</em></strong></span> <span class='ocrx_word' id='word_1_326' title='bbox 1268 3894 1383 3961; x_wconf 83' lang='lat' dir='ltr'>(scripsi</span> 
     </span>
    </p>
   </div>
   <div class='ocr_carea' id='block_1_7' title="bbox 173 3969 1381 4046">
    <p class='ocr_par' dir='ltr' id='par_1_9' title="bbox 173 3969 1381 4046">
     <span class='ocr_line' id='line_1_36' title="bbox 173 3969 1381 4046; baseline 0.002 -18"><span class='ocrx_word' id='word_1_327' title='bbox 173 3997 177 4006; x_wconf 69' lang='grc'><em>’</em></span> <span class='ocrx_word' id='word_1_328' title='bbox 269 3996 317 4044; x_wconf 91' lang='lat' dir='ltr'>pro</span> <span class='ocrx_word' id='word_1_329' title='bbox 335 3972 370 4028; x_wconf 79' lang='lat' dir='ltr'>cei</span> <span class='ocrx_word' id='word_1_330' title='bbox 388 3971 525 4044; x_wconf 80' lang='grc' dir='ltr'><strong><em>ἡμέτερα)</em></strong></span> <span class='ocrx_word' id='word_1_331' title='bbox 545 3971 684 4044; x_wconf 86' lang='grc' dir='ltr'><strong><em>σχήματα,</em></strong></span> <span class='ocrx_word' id='word_1_332' title='bbox 704 3985 768 4044; x_wconf 83' lang='lat' dir='ltr'>etp.</span> <span class='ocrx_word' id='word_1_333' title='bbox 781 3979 840 4042; x_wconf 78' lang='lat'>481,</span> <span class='ocrx_word' id='word_1_334' title='bbox 859 3979 905 4028; x_wconf 74' lang='grc' dir='ltr'><strong><em>’λῦε</em></strong></span> <span class='ocrx_word' id='word_1_335' title='bbox 924 3969 1062 4045; x_wconf 74' lang='grc' dir='ltr'><strong><em>ἠπορήθη</em></strong></span> <span class='ocrx_word' id='word_1_336' title='bbox 1075 3979 1134 4038; x_wconf 79' lang='grc' dir='ltr'><strong><em>πως</em></strong></span> <span class='ocrx_word' id='word_1_337' title='bbox 1147 3976 1300 4046; x_wconf 85' lang='grc' dir='ltr'><strong><em>σύνδεσμοι</em></strong></span> <span class='ocrx_word' id='word_1_338' title='bbox 1313 3995 1381 4044; x_wconf 87' lang='grc' dir='ltr'><strong><em>κρο-</em></strong></span> 
     </span>
    </p>
   </div>
   <div class='ocr_carea' id='block_1_8' title="bbox 270 4062 1382 4386">
    <p class='ocr_par' dir='ltr' id='par_1_10' title="bbox 270 4062 1382 4386">
     <span class='ocr_line' id='line_1_37' title="bbox 270 4062 1382 4129; baseline -0.001 -14"><span class='ocrx_word' id='word_1_339' title='bbox 270 4063 396 4129; x_wconf 79' lang='grc' dir='ltr'><strong><em>κείμινοι</em></strong></span> <span class='ocrx_word' id='word_1_340' title='bbox 420 4062 499 4129; x_wconf 79' lang='grc' dir='ltr'><strong><em>(διαζ</em></strong></span> <span class='ocrx_word' id='word_1_341' title='bbox 484 4062 627 4126; x_wconf 64' lang='lat' dir='ltr'>{eontinet</span> <span class='ocrx_word' id='word_1_342' title='bbox 648 4079 715 4129; x_wconf 90' lang='lat' dir='ltr'>quos</span> <span class='ocrx_word' id='word_1_343' title='bbox 732 4063 813 4128; x_wconf 86' lang='lat' dir='ltr'>primi</span> <span class='ocrx_word' id='word_1_344' title='bbox 830 4064 913 4114; x_wconf 85' lang='lat' dir='ltr'>stoici</span> <span class='ocrx_word' id='word_1_345' title='bbox 931 4066 1132 4115; x_wconf 84' lang='lat' dir='ltr'>constituerunt</span> <span class='ocrx_word' id='word_1_346' title='bbox 1150 4066 1187 4115; x_wconf 83' lang='lat' dir='ltr'>ef.</span> <span class='ocrx_word' id='word_1_347' title='bbox 1207 4067 1238 4115; x_wconf 83' lang='lat' dir='ltr'><strong><em>R.</em></strong></span> <span class='ocrx_word' id='word_1_348' title='bbox 1258 4065 1382 4116; x_wconf 84' lang='lat' dir='ltr'>Schmidt</span> 
     </span>
     <span class='ocr_line' id='line_1_38' title="bbox 270 4140 1381 4215; baseline 0.002 -17"><span class='ocrx_word' id='word_1_349' title='bbox 270 4166 295 4215; x_wconf 89' lang='lat' dir='ltr'><strong><em>p.</em></strong></span> <span class='ocrx_word' id='word_1_350' title='bbox 314 4149 357 4213; x_wconf 73' lang='lat'><strong><em>49,</em></strong></span> <span class='ocrx_word' id='word_1_351' title='bbox 376 4154 431 4200; x_wconf 83' lang='lat' dir='ltr'>not.</span> <span class='ocrx_word' id='word_1_352' title='bbox 452 4149 495 4213; x_wconf 80' lang='lat'><strong><em>70)</em></strong></span> <span class='ocrx_word' id='word_1_353' title='bbox 486 4143 712 4215; x_wconf 82' lang='grc' dir='ltr'><strong><em>)-[μαχομέ]νην</em></strong></span> <span class='ocrx_word' id='word_1_354' title='bbox 737 4143 849 4214; x_wconf 65' lang='grc' dir='ltr'><strong><em>ἔχοντες</em></strong></span> <span class='ocrx_word' id='word_1_355' title='bbox 871 4141 924 4215; x_wconf 83' lang='grc' dir='ltr'><strong><em>τῆν</em></strong></span> <span class='ocrx_word' id='word_1_356' title='bbox 943 4140 1028 4211; x_wconf 77' lang='grc' dir='ltr'><strong><em>έξ’</em></strong></span> <span class='ocrx_word' id='word_1_357' title='bbox 991 4166 1085 4200; x_wconf 88' lang='grc' dir='ltr'><strong><em>αυιων</em></strong></span> <span class='ocrx_word' id='word_1_358' title='bbox 1103 4143 1228 4214; x_wconf 88' lang='grc' dir='ltr'><strong><em>δύναμιν</em></strong></span> <span class='ocrx_word' id='word_1_359' title='bbox 1246 4147 1281 4215; x_wconf 82' lang='grc' dir='ltr'><strong><em>τῇ</em></strong></span> <span class='ocrx_word' id='word_1_360' title='bbox 1299 4144 1381 4200; x_wconf 75' lang='grc' dir='ltr'><strong><em>θέσει</em></strong></span> 
     </span>
     <span class='ocr_line' id='line_1_39' title="bbox 270 4224 1381 4324; baseline 0 -40"><span class='ocrx_word' id='word_1_361' title='bbox 270 4232 321 4284; x_wconf 80' lang='grc' dir='ltr'><strong><em>τού</em></strong></span> <span class='ocrx_word' id='word_1_362' title='bbox 338 4224 480 4300; x_wconf 79' lang='grc' dir='ltr'><strong><em>ὀνόματος</em></strong></span> <span class='ocrx_word' id='word_1_363' title='bbox 498 4231 581 4300; x_wconf 69' lang='lat' dir='ltr'>[odys]</span> <span class='ocrx_word' id='word_1_364' title='bbox 601 4229 633 4284; x_wconf 86' lang='grc' dir='ltr'><strong><em>τὸ</em></strong></span> <span class='ocrx_word' id='word_1_365' title='bbox 651 4233 769 4284; x_wconf 83' lang='grc' dir='ltr'><strong><em>συνδεῖν</em></strong></span> <span class='ocrx_word' id='word_1_366' title='bbox 786 4231 824 4299; x_wconf 77' lang='grc' dir='ltr'><strong><em>τῷ</em></strong></span> <span class='ocrx_word' id='word_1_367' title='bbox 843 4226 1092 4302; x_wconf 77' lang='grc' dir='ltr'><strong><em>διαζευχνύειν’</em></strong></span> <span class='ocrx_word' id='word_1_368' title='bbox 1052 4249 1182 4301; x_wconf 80' lang='grc' dir='ltr'><strong><em>μαχεται.</em></strong></span> <span class='ocrx_word' id='word_1_369' title='bbox 1203 4225 1328 4324; x_wconf 81' lang='grc' dir='ltr'><strong><em>έχεται’</em></strong></span> <span class='ocrx_word' id='word_1_370' title='bbox 1309 4249 1381 4284; x_wconf 90' lang='grc' dir='ltr'><strong><em>απο-</em></strong></span> 
     </span>
     <span class='ocr_line' id='line_1_40' title="bbox 271 4308 1076 4386; baseline 0 -17"><span class='ocrx_word' id='word_1_371' title='bbox 271 4318 368 4385; x_wconf 81' lang='grc' dir='ltr'><strong><em>λοχιάς</em></strong></span> <span class='ocrx_word' id='word_1_372' title='bbox 388 4311 417 4386; x_wconf 87' lang='grc' dir='ltr'><strong><em>[η</em></strong></span> <span class='ocrx_word' id='word_1_373' title='bbox 436 4310 660 4385; x_wconf 80' lang='grc' dir='ltr'><strong><em>π]ροκειμένη</em></strong></span> <span class='ocrx_word' id='word_1_374' title='bbox 640 4336 678 4380; x_wconf 83' lang='grc' dir='ltr'><strong><em>ως</em></strong></span> <span class='ocrx_word' id='word_1_375' title='bbox 696 4316 746 4370; x_wconf 78' lang='grc' dir='ltr'><strong><em>καὶ</em></strong></span> <span class='ocrx_word' id='word_1_376' title='bbox 765 4310 813 4369; x_wconf 73' lang='grc' dir='ltr'><strong><em>ἐπ’</em></strong></span> <span class='ocrx_word' id='word_1_377' title='bbox 831 4308 924 4376; x_wconf 76' lang='grc' dir='ltr'><strong><em>ἄλλων</em></strong></span> <span class='ocrx_word' id='word_1_378' title='bbox 942 4321 1000 4370; x_wconf 87' lang='grc' dir='ltr'><strong><em>κτλ.</em></strong></span> <span class='ocrx_word' id='word_1_379' title='bbox 1073 4335 1076 4342; x_wconf 72' lang='grc'><em>’</em></span> 
     </span>
    </p>
   </div>
   <div class='ocr_carea' id='block_1_9' title="bbox 0 0 1483 5084">
    <p class='ocr_par' dir='ltr' id='par_1_11' title="bbox 0 0 1483 5084">
     <span class='ocr_line' id='line_1_41' title="bbox 0 0 1483 5084; baseline 0 0"><span class='ocrx_word' id='word_1_380' title='bbox 0 0 1483 5084; x_wconf 95' lang='lat' dir='ltr'><strong><em> </em></strong></span> 
     </span>
    </p>
   </div>
  </div>
 </body>
</html>
