2950 5084
657 253 675 310 7

590 333 741 342 ———

72 425 75 428 ¹
108 436 273 512 proiectus
309 433 377 493 licet
405 440 557 511 praeterea
591 413 653 494 eius
680 436 724 495 rei
752 433 864 494 nullum
892 433 1030 495 indicium
1059 436 1225 512 reperiatur

109 545 426 621 uehementissimeqne
449 544 614 623 refragetur
635 544 733 604 Osann
756 563 801 604 an.
821 545 912 604 Rom·
928 563 957 623 p.
982 544 1043 604 242
1065 563 1108 624 sq.
1116 590 1124 622 ,
1145 545 1225 606 baud

108 657 207 732 inepte
230 673 297 714 eum
318 653 445 730 Bergkio
475 655 504 713 in
533 655 632 716 diariis
654 657 743 733 antiq.
763 655 802 714 lll
831 654 932 734 (1845)
956 671 985 732 p.
1013 655 1071 714 115
1093 657 1225 732 suspica·

108 763 181 823 bere
210 763 420 841 Vargunteium
455 765 485 824 in
515 765 601 824 Ennii
628 765 782 826 annalibus
807 771 944 826 notarum
975 765 1154 845 supellectile
1182 767 1225 826 in·

102 873 256 934 struendis
286 875 408 934 Cratetis
441 873 608 951 exemplum
642 882 798 952 spectasse.
849 875 910 936 Alia
946 882 1048 936 contra
1076 875 1226 936 Crateteae
1288 853 1291 858 Ι

110 984 260 1044 doctrinae
293 985 323 1043 iu
351 985 412 1044 istis
433 985 572 1044 Romanis
600 987 721 1063 uestigia
748 992 797 1045 aut
825 987 905 1063 egrie
933 985 1019 1046 lallor
1044 993 1094 1046 aut
1116 986 1226 1046 frustra

109 1075 304 1171 quaesiuer·is;
345 1112 472 1186 namque
497 1103 704 1174 praeterquam
733 1096 812 1174 quod
834 1095 941 1157 Crateti
960 1097 989 1156 in
1010 1095 1141 1172 legendis
1163 1102 1226 1156 tan-

110 1211 172 1264 tum
198 1206 375 1281 scriptorum
395 1204 478 1265 libris
499 1223 551 1265 eos
573 1205 730 1266 obsecutos
751 1223 815 1267 esse
837 1205 945 1266 diserte
962 1207 1119 1266 Suetonius
1138 1213 1226 1266 testa·

93 1321 167 1383 tur,
190 1332 239 1374 ens
260 1333 335 1392 quae
359 1315 465 1375 adsunt
486 1316 645 1376 identidem
666 1318 775 1376 stoicae
792 1319 821 1377 in
842 1316 897 1376 illis
917 1317 1067 1376 doctrinae
1082 1317 1226 1393 siguifica-

108 1425 203 1484 tiones
219 1425 316 1484 stoicis
331 1427 401 1502 ipsis
418 1407 529 1486 Romae
547 1427 673 1486 uersatis
689 1425 782 1485 multo
800 1429 911 1486 maiore
932 1429 996 1487 iure
1015 1446 1103 1506 quam
1119 1427 1227 1486 Crateti

108 1534 237 1603 tribum,
266 1534 347 1595 uelut
369 1535 467 1596 aelius
493 1535 565 1596 Stilo
591 1556 608 1596 a
630 1535 772 1598 Cicerone
792 1536 884 1596 Bruto
908 1537 947 1598 56
972 1534 1081 1614 stoicus
1103 1543 1228 1598 uocatur

108 1645 291 1724 Romanique
313 1647 495 1722 grammatici
516 1648 602 1724 primi
623 1653 697 1707 teste
719 1647 869 1706 Prisciano
885 1647 972 1717 Vllll,
995 1665 1023 1724 p.
1040 1649 1102 1710 910
1120 1649 1226 1706 stition-

108 1773 177 1816 rum
199 1757 292 1830 magis
311 1759 404 1816 secuti
426 1764 495 1816 sunt
517 1757 712 1818 traditionem.

202 1864 349 1926 Cantilena
382 1866 508 1944 denique
542 1873 586 1928 est
618 1887 634 1928 a
663 1869 781 1928 nemine
814 1886 874 1927 non
907 1868 1058 1928 decantata
1090 1868 1228 1944 grauissi-

108 1992 188 2034 mam
210 1969 396 2036 ¹Cratctem
425 1978 524 2036 inter
547 1985 582 2038 et
602 1978 863 2038 Aristarchum
887 1977 1118 2046 efferbuisse
1140 1995 1227 2036 con·
1313 1959 1316 1965 ’

107 2086 313 2146 tentionem
349 2087 468 2165 (idcirco
498 2105 605 2165 nempe
638 2087 709 2147 dixit
742 2087 899 2147 Bibaculus
932 2087 1009 2166 apud
1042 2087 1161 2146 Sueten.
1191 2086 1228 2145 dc

106 2202 261 2274 grammat.
299 2203 327 2256 et
355 2197 497 2257 rhetorib.
527 2217 552 2257 c.
578 2198 611 2256 11
647 2216 675 2277 p.
699 2197 759 2256 lib
787 2196 832 2257 ed.
862 2197 1081 2257 Reifferscheid.
1112 2200 1141 2256 in
1174 2195 1227 2256 Va·

106 2305 215 2365 leriam
234 2306 372 2366 Catonern
400 2308 449 2385 qni
474 2307 707 2384 Indignationem
736 2308 888 2384 scripserit
923 2325 985 2381 „en
1007 2325 1059 2368 eor
1088 2309 1230 2368 Zenodoti

106 2433 146 2476 en
167 2419 250 2476 iecur
269 2418 440 2491 Cratetis“):
463 2423 550 2496 atque
574 2417 628 2476 luit
649 2435 719 2477 sano
741 2417 815 2478 lianc
836 2436 885 2477 res
906 2424 966 2476 tam
984 2417 1094 2476 lamosa
1110 2423 1143 2476 ut
1157 2416 1228 2494 lepi-

107 2526 154 2585 dis
175 2527 401 2587 narratiunculis
422 2534 626 2588 exornaretur.
671 2527 787 2587 Etenim
810 2527 888 2606 qnod
903 2526 996 2586 Varro
1011 2527 1088 2605 apud
1103 2527 1228 2595 Plinium

106 2637 138 2696 h.
160 2655 189 2694 11.
213 2634 294 2704 Χ111,
319 2639 350 2696 11
379 2638 468 2698 tradit
496 2641 693 2698 aemulatione
714 2641 797 2697 circo
815 2639 1007 2697 bibliothecas
1032 2653 1137 2712 renum
1157 2639 1230 2696 Pto-

106 2750 216 2807 lemaei
241 2754 270 2806 et
297 2749 437 2808 Eumenis
464 2752 667 2824 supprimente
698 2749 864 2807 Ptolemaeo
891 2749 1014 2807 ebertus
1042 2748 1230 2807 membraneo

37 2837 39 2842 ¹
105 2859 252 2931 Perenni
270 2875 333 2918 esse
354 2861 490 2918 inuentus
509 2861 527 2918 i.
549 2878 574 2918 e.
598 2858 690 2918 multo
713 2857 817 2918 melius
838 2858 991 2936 magisque
1011 2857 1122 2917 affabre
1141 2873 1229 2934 qaram

107 2973 195 3027 antea
229 2975 417 3045 praeparatas
440 2968 486 3047 [cs.
509 2967 656 3046 Wegener
675 2987 703 3046 p.
727 2968 766 3026 44
787 2968 857 3046 sip).
884 2969 913 3028 id
934 2987 1003 3030 mox
1025 2967 1115 3027 uariis
1137 2965 1230 3025 modis

109 3084 155 3138 est
178 3084 385 3154 exaggeratum
415 3085 443 3138 et
465 3079 672 3156 amplificatum
700 3083 788 3155 atque
808 3079 844 3138 ad
866 3078 988 3138 Cratetis
1011 3077 1230 3154 Aristarclrique

108 3168 286 3248 discordiam
307 3185 473 3268 retatum1).
499 3175 579 3248 'Nec
596 3205 655 3248 non
671 3195 737 3266 post
751 3195 884 3247 mortuos
900 3177 1065 3248 certaminis
1083 3187 1230 3265 principes

108 3301 140 3359 in
160 3305 316 3376 trinamque
338 3306 453 3376 partem
477 3319 492 3358 a
516 3298 664 3377 discipulis
685 3299 792 3358 acriter
808 3305 852 3358 est
874 3299 1082 3376 disceptatum3
1105 3298 1230 3360 Aristar-

110 3409 253 3468 cheornm
284 3409 360 3496 enim
389 3409 543 3488 Dionysius
565 3409 665 3469 Thrax
688 3405 790 3490 ἐντῷ
812 3400 895 3488 προς
918 3403 1075 3487 Κράτητα
1096 3407 1231 3467 laudatur

109 3521 139 3578 in
165 3519 255 3578 schol.
284 3519 296 3578 l
325 3519 386 3580 464
415 3525 444 3580 et
478 3520 684 3580 Parmeniscus
713 3515 752 3578 ἐν
780 3517 827 3600 τῷ
854 3514 875 3576 οἱ
907 3511 990 3597 πρὸς
1017 3512 1175 3597 Κράτητα
1201 3517 1230 3574 in

109 3629 201 3689 schol.
227 3629 256 3688 Θ
284 3626 389 3709 512²),
420 3630 623 3690 Crateteorum
652 3647 724 3690 uero
746 3627 914 3688 Zenodotus
942 3627 1058 3705 scripsit
1081 3618 1165 3705 πρὸς
1190 3619 1231 3683 τοὶ

109 3731 166 3799 ὑπ’
187 3733 404 3821 Ἀριστάρχου
427 3733 639 3818 ἄθετούμενα
661 3738 722 3798 τοῦ
739 3735 881 3820 ποιητοῦ
903 3743 976 3797 toste
998 3735 1103 3804 Suida,
1127 3735 1230 3794 Deme-

199 3976 226 4044 1)
250 3977 293 4028 Of.
315 3978 409 4041 Lydus
436 3977 470 4026 de
494 3978 635 4027 mensibus
653 3994 679 4042 p.
698 3975 732 4028 30
750 3977 792 4026 ed.
812 3976 959 4036 Roether.,
980 3991 1023 4039 ep.
1045 3972 1165 4022 Cramer.
1186 3987 1230 4020 en.

112 4064 202 4114 Puris.
228 4065 256 4126 Ι,
288 4079 314 4128 p.
339 4061 448 4126 etseq.
474 4066 504 4111 et
525 4079 551 4126 p.
571 4061 635 4124 368,
668 4063 801 4126 excerpta
825 4059 885 4110 cod.
910 4059 1000 4109 Paris.
1026 4074 1085 4122 reg.
1105 4054 1170 4106 1630
1188 4071 1233 4119 ep.

112 4147 276 4199 Boissonad.
297 4147 394 4197 errecd.
416 4146 462 4196 Gr.
483 4148 504 4209 I,
525 4163 552 4212 p.
571 4145 630 4208 420,
649 4146 767 4194 Tuetzes
787 4144 850 4194 chll.
870 4143 933 4205 XII,
952 4141 1013 4192 347.

196 4232 224 4295 2)
241 4231 284 4282 Ad
303 4247 383 4296 quem
401 4231 502 4280 librum
520 4235 597 4282 recte
617 4229 713 4302 Osunp
733 4244 777 4278 an.
797 4215 912 4278 Roman.
931 4244 957 4291 p.
977 4224 1011 4276 98
1034 4225 1131 4276 retulit
1149 4223 1234 4274 schol.

111 4317 206 4367 Vatic.
226 4317 320 4380 Eurip.
339 4317 423 4366 Rhes.
443 4315 501 4364 524.
