2950 5084
833 221 873 282 62

452 503 488 578 v
532 441 940 578 oommnmnrvs
963 453 1020 577 m
1045 488 1265 580 innomi·

385 691 414 733 n.
440 675 454 733 1
481 692 522 753 sq.
563 673 663 734 Cretes
685 677 725 734 ait
746 675 847 734 Ionem
863 675 975 748 dietum
995 647 1127 744 eoelum,
1151 675 1318 734 inuooatnm
1338 692 1398 734 uero

190 831 198 844 .
301 785 407 864 merito
437 786 503 862 quia
521 785 557 849 in
580 803 647 844 nere
670 791 699 844 et
720 785 839 846 aethere
866 792 934 844 sunt
956 785 1053 845 sidera
1076 791 1104 844 et
1125 785 1287 844 Homerum
1309 785 1399 844 dixisse

301 891 403 952 louem
425 895 456 953 in
478 891 574 972 aliqua
597 901 680 972 parte
703 893 839 963 eoelum}
856 893 916 976 †et
937 897 1002 974 ipse
1024 893 1130 956 Aratus
1153 913 1241 974 quum
1266 895 1334 954 dioit
1354 895 1400 954 lle-
1440 869 1442 876 Ι

267 989 464 1084 5rodolns.†
508 1003 609 1065 lonem
638 1003 748 1064 dietum
779 1023 846 1065 aera
877 1011 905 1065 et
933 1003 1033 1064 Crates
1065 1005 1182 1084 quidem
1215 1005 1342 1088 eiusdem
1367 1011 1401 1064 est

302 1113 449 1190 opinionis
470 1120 633 1194 testemque
657 1133 721 1175 esse
739 1113 939 1176 Philemonem
964 1117 1110 1174 oomienm
1133 1115 1216 1183 dieit;
1240 1115 1297 1175 hoo
1317 1119 1400 1174 antem

302 1197 415 1282 constat
443 1227 472 1282 et
499 1218 594 1301 ipsum
619 1224 725 1284 dicere.
772 1225 846 1284 Nom
878 1225 945 1302 qnia
972 1225 1044 1284 nilril
1074 1223 1160 1300 alind
1182 1231 1226 1284 est
1248 1243 1307 1286 non
1327 1242 1400 1302 qnam

301 1350 460 1410 percussus
490 1339 541 1393 air
570 1333 687 1412 uidetur
711 1335 922 1397 conuenienter
945 1333 1067 1420 dixisse,
1098 1353 1172 1414 qnae
1200 1336 1245 1394 rei
1267 1339 1401 1412 praestent

301 1443 505 1504 anctoritatem
533 1443 655 1520 „plenas
677 1445 756 1504 louis
778 1445 862 1504 uias“
884 1444 1017 1504 relerens
1046 1452 1074 1504 et
1103 1445 1236 1514 „omneis
1264 1443 1400 1504 hominnm

253 1555 284 1605 10
303 1549 498 1613 conuentirs“
534 1551 612 1613 Nihil
635 1571 737 1614 eornm
761 1572 835 1632 quae
858 1555 888 1614 in
910 1559 991 1614 terre
1014 1561 1081 1614 sunt
1103 1555 1165 1629 sine
1188 1559 1257 1614 aere
1280 1561 1339 1613 est:
1364 1571 1400 1611 re·

303 1663 381 1722 lione
405 1651 507 1730 eliam,
540 1663 624 1730 ouius
647 1680 749 1723 omnes
771 1681 857 1724 usum
880 1663 1095 1732 desideremns;
1125 1682 1194 1724 nam
1217 1664 1315 1724 oinreti
1335 1679 1401 1722 mor·

301 1769 374 1832 talos
397 1771 555 1832 ostendunt
583 1791 668 1832 nsum
697 1775 824 1850 suspirio
854 1781 882 1832 et
910 1792 977 1834 enm
1001 1775 1127 1853 siluimus
1149 1791 1218 1834 aere
1239 1774 1399 1850 indigemus.

295 1867 515 1941 'scholiasta
551 1885 617 1960 qni
652 1883 777 1942 lertur
809 1885 1023 1960 Germanioi
1059 1883 1335 1966 etp-Soringoi.
1368 1882 1401 1940 de

229 2031 238 2041 .
301 1989 417 2050 selrol.
441 1989 663 2076 German.·p.
692 1990 728 2051 18
752 2011 794 2073 sq.
827 1983 949 2070 οάμὲν
979 1977 1128 2066 οὖντὸν
1158 1985 1305 2073 οὐρανὸν
1328 1989 1400 2072 (Δία)

252 2107 284 2157 15
302 2083 455 2178 λὲγοντες
477 2087 719 2182 παρανίθενται
742 2097 801 2162 τὸν
816 2095 958 2181 ποιητὴν
972 2098 1112 2180 λέγοντα
1134 2094 1203 2180 „oie
1218 2097 1248 2162 δ’
1267 2097 1320 2164 ὅτε
1334 2121 1401 2184 ταρ-

302 2205 395 2288 φειαὶ
431 2189 572 2290 νιφάδες
599 2203 682 2282 Διὸς
710 2205 954 2272 ε”ααοτέονταιίι
981 2211 1030 2291 (T
1052 2211 1142 2291 357),Ι
1175 2208 1344 2272 τουτέστιν
1375 2207 1401 2283 ἐξ

302 2312 453 2398 οὐρανοῦ
477 2366 484 2378 .
504 2329 536 2380 .“.
561 2314 617 2379 καὶ
634 2314 781 2401 ’Ἀρατον
804 2313 907 2382 αὐτὸν
931 2318 969 2382 ἐν
991 2329 1059 2394 τοῖς
1082 2317 1155 2402 ἑξῆς
1177 2318 1316 2402 λέγοντα
1337 2313 1401 2399 περὶ

301 2427 362 2488 τοῦ
381 2423 501 2488 Ἵππον
531 2426 594 2508 „e'o
616 2423 699 2501 Διὸς
721 2428 879 2491 εἰλεῖταάί
903 2429 940 2510 (u.
963 2429 1036 2512 224)
1066 2425 1198 2492 ὅέστιν
1229 2429 1267 2492 ἐν
1288 2431 1333 2515 τῷ
1353 2423 1401 2491 οὐ-

302 2537 404 2620 ρανῷ.
443 2532 487 2598 oi
497 2536 534 2599 ἀὲ
549 2539 617 2600 Δία
631 2535 698 2600 ’τὸν
720 2534 801 2618 ἀέρα
816 2534 1021 2612 ἀκούσαντες
1044 2539 1188 2624 φέρουσι1
1205 2538 1335 2623 μάρτνν
1349 2543 1401 2602 Φι-

250 2654 284 2704 20
302 2642 432 2728 λήμονα
454 2641 512 2708 τὸν
535 2645 698 2729 κωμικόν·
729 2645 813 2729 φησὶ
834 2646 915 2730 γάρ·
944 2642 985 2710 ὃν
1007 2643 1083 2710 οὔτε
1106 2638 1154 2728 εἷς,
1174 2647 1316 2732 λέληθεν
1337 2644 1402 2712 οὔτε

301 2751 408 2819 κακὸν
431 2751 507 2819 οὔτε
531 2751 656 2820 ἐσθλὸν
679 2787 693 2819 e
710 2781 724 2819 s
742 2781 756 2820 e
780 2745 876 2831 οὗτός
892 2757 958 2839 εἰμι
973 2747 1038 2838 ἐγώ
1054 2753 1137 2841 ἀὴρ,
1160 2752 1201 2821 ὃν
1216 2757 1259 2822 ἀν
1274 2783 1321 2834 τις
1336 2755 1401 2822 ὀνο-

301 2863 416 2947 μάσειε
440 2863 614 2928 κα1Λία.“
649 2861 702 2928 διὸ
725 2863 781 2929 καὶ
795 2863 855 2930 τὸν
866 2863 1012 2951 ’Ἄρατον
1036 2859 1189 2950 iunipero·
1214 2866 1351 2950 „penerel
1371 2867 1401 2928 di

300 2973 383 3049 Διὸς
398 2977 501 3038 πᾶσαν
516 2974 578 3056 μὲν
589 2971 715 3056 ἀγυιαί,
732 2978 835 3039 πᾶσαν
850 2973 881 3038 d'
896 2974 1090 3060 ἀνθρώπων
1101 2974 1245 3062 ἀγόραί“
1259 2980 1297 3061 (n.
1311 2981 1328 3042 2
1340 2980 1400 3059 sol·

288 3067 424 3160 ’πάντες
451 3081 516 3168 γάρ
538 3081 621 3159 Διὸς
643 3083 851 3169 κεχρήμεθα·
882 3089 1032 3162 σπῶντες
1053 3085 1118 3172 γὰρ
1146 3083 1205 3151 τὸν
1227 3083 1309 3173 ἀέρα
1330 3084 1401 3150 ἀνα-

251 3203 285 3253 25
302 3195 456 3277 πνέομεν.
495 3196 629 3268 Buhlei
651 3199 786 3259 Aratea
808 3207 890 3260 tom.
913 3200 940 3260 ll
962 3219 990 3280 p.
1014 3199 1075 3261 437
1099 3219 1141 3279 sq.
1170 3203 1173 3208 ’

368 3437 431 3484 oni
460 3440 540 3499 ipsum
569 3436 667 3484 Arolos
696 3437 765 3485 coni.
796 3440 919 3500 anonym.
951 3435 985 3486 ad
1007 3453 1093 3502 marg.
1117 3437 1233 3504 exempl.
1257 3437 1323 3488 bibl.
1345 3437 1401 3485 Lei-

301 3519 377 3568 dens.
401 3515 414 3586 {l
436 3519 516 3584 plura
537 3520 714 3570 intercidisse
742 3525 820 3584 putat
844 3521 976 3584 Suringer
999 3519 1109 3571 collatis
1131 3521 1231 3572 Buhlei
1254 3523 1358 3572 Arateis
1378 3521 1401 3568 ll

301 3620 326 3668 p.
345 3602 396 3654 436
445 3606 482 3653 eie
500 3610 525 3653 et
543 3605 642 3654 Aratus
659 3612 685 3654 et
703 3607 852 3654 Herodotus
870 3605 927 3669 (lib.
948 3601 1003 3655 Ie.
1024 3604 1083 3669 131)
1101 3623 1154 3655 eum
1167 3608 1239 3656 eicit
1258 3608 1327 3656 coni.
1345 3620 1401 3654 nno·

301 3705 373 3752 nym.
392 3689 457 3738 ibid.
469 3683 482 3754 ss
494 3690 562 3754 quod
577 3689 651 3738 nu.
664 3685 676 3759 11
688 3691 816 3740 Hesiodus
834 3687 887 3754 (op.
905 3693 933 3740 ei
950 3689 1009 3740 dies
1026 3688 1086 3752 267)
1105 3691 1177 3740 coni.
1196 3685 1402 3756 Suringarsso.t

301 3775 468 3822 Philemonem
490 3787 558 3823 oorr.
583 3789 709 3836 anonym.
736 3773 803 3824 ibid.
828 3789 876 3838 pro
900 3776 1028 3824 Philonem
1079 3775 1210 3825 Platonem
1234 3777 1305 3825 eoni.
1324 3774 1402 3824 Cobet

301 3858 408 3908 oboeru.
428 3858 490 3906 erit.
508 3858 538 3906 in
555 3857 663 3908 Platon.
683 3875 708 3922 p.
730 3856 778 3906 180
800 3854 812 3925 [l
834 3863 897 3924 post
920 3864 1036 3909 comicum
1060 3871 1129 3923 qnae
1149 3860 1259 3909 Graeca
1281 3861 1361 3909 uerba
1378 3859 1402 3905 in
1446 3853 1447 3914 l

300 3957 350 3992 ms.
368 3941 503 3991 Dienieno
520 3941 650 4006 legentur
671 3942 735 3991 uide
759 3943 831 4008 apud
848 3944 1018 4012 Meinekium
1037 3959 1104 3992 eom.
1125 3943 1170 3993 Gr.
1188 3943 1234 3994 uol
1252 3945 1308 3994 1111
1325 3961 1348 4009 p.
1365 3941 1401 4000 31,

299 4028 350 4078 nbi·
377 4026 499 4092 reperies
511 4027 665 4090 &integrum
694 4027 863 4078 Philemonis
892 4028 1077 4092 fragmentum
1106 4028 1141 4077 ei.
1172 4028 1288 4078 addend.
1312 4027 1361 4077 nol.
1383 4025 1402 4072 V

156 4131 162 4140 ·
248 4127 251 4131 ·
299 4127 327 4178 p.
345 4107 492 4178 didlldieit
510 4115 553 4176 qni
566 4111 665 4160 nocer.
681 4106 692 4176 ΙΙ
710 4115 761 4162 αθ
779 4115 958 4162 conuenienter
975 4114 1071 4162 divisse
1090 4114 1129 4161 rei
1146 4117 1187 4162 eoi
1200 4120 1321 4176 praestat
1339 4111 1400 4160 noni.

301 4192 427 4260 anonym.
447 4195 513 4244 ibid.
538 4193 550 4263 ll
574 4202 693 4261 praestat
710 4195 891 4246 relinere
903 4197 943 4246 nn
971 4191 983 4262 [l
1016 4213 1040 4246 ν.
1053 4199 1070 4244 9
1099 4197 1162 4246 Ioue
1192 4197 1232 4246 ἢ.
1255 4198 1321 4246 AB&
1343 4197 1401 4244 ntro.

299 4277 749 4347 rme110n2nonr.nne.ren
