2950 5084
749 244 901 332 „¹9-

267 444 393 503 namque
417 424 549 485 Taurisci
575 423 708 502 discipuli
737 425 814 502 ap'ud
843 426 920 485 Sext.
945 424 1029 502 Emp.
1058 424 1124 484 adu.
1155 425 1244 484 matlr.
1268 426 1295 492 l,
1321 422 1382 483 248

266 538 440 596 sententiam
462 535 572 611 optimo
594 536 658 596 iure
678 537 714 597 ad
736 539 911 614 magistrum·
929 536 1057 604 referas,
1081 553 1259 613 quamquam
1278 533 1382 611 Wege-

266 665 320 706 ner
348 665 377 724 p.
409 647 467 707 107
494 651 554 704 not.
579 646 619 706 lt]
648 663 716 704 oum
745 644 853 704 Crateti
882 646 1084 706 contradicere
1111 653 1212 712 narrat
1232 651 1326 728 *ii
1354 647 1382 704 in

267 752 452 838 wcootapi¹l
465 754 516 816 ubi
528 757 589 815 eius
606 759 681 814 esset
698 747 718 834 ἡ
740 750 955 835 προχειρότης
970 755 1027 835 τῆς
1044 750 1216 835 ἄμεθόοου
1231 749 1313 835 ὕλης
1325 757 1342 814 i.
1356 775 1380 816 e.

266 867 434 926 exaurinare
456 866 628 926 traditarum
651 865 839 925 historiarum
863 884 938 944 quae
960 885 1050 926 uerae
1071 884 1146 944 quae
1168 865 1257 925 salsae
1274 872 1380 934 essent,

266 984 295 1036 et
320 978 351 1036 in
376 973 544 1058 coelicapi2)
571 977 611 1035 ita
636 982 669 1035 nt
696 976 889 1053 distingueret
915 976 1099 1053 singulorum
1121 977 1299 1054 scriptorum
1324 969 1383 1046 τὰς

265 1081 459 1157 διαλέκτους
481 1081 537 1146 καὶ
560 1079 618 1157 τὰς
640 1079 805 1166 διαφορὰς
827 1087 895 1146 τοῖν
918 1081 1121 1165 πλασμάτων
1139 1082 1195 1146 καὶ
1216 1080 1383 1166 χαρακτή-

267 1216 348 1277 ρων,
371 1198 497 1274 denique
518 1198 548 1256 in
571 1195 694 1276 λογικῷ
715 1197 794 1274 quod
811 1192 887 1277 περὶ
908 1191 972 1276 τήν
992 1194 1081 1270 λέξιν
1102 1189 1255 1267 καὶτοὺς
1275 1215 1383 1275 γραμ-

266 1301 426 1386 ματικούς
448 1301 595 1386 τρόπους
619 1314 789 1368 uersaretur
798 1304 831 1386 ³).
877 1307 978 1368 Grates
1001 1325 1072 1385 ergo
1096 1341 1130 1350 -
1156 1308 1185 1367 id
1207 1307 1284 1366 enim
1303 1324 1383 1365 nunc

266 1417 351 1476 nobis
374 1435 445 1494 prae
468 1418 573 1476 ceteris
594 1435 682 1476 curae
706 1417 846 1495 cordique
869 1424 913 1477 est
937 1454 971 1462 —
999 1419 1112 1478 censuit
1134 1419 1163 1477 in
1183 1416 1299 1494 linguae
1323 1416 1385 1478 dis-7

266 1527 402 1604 ciplinam
432 1526 622 1587 excolendam
647 1546 770 1605 eamque
794 1530 881 1588 certis
903 1549 939 1588 ex
960 1530 1050 1606 ipsius
1074 1535 1178 1588 natura
1201 1527 1384 1604 depromptis

265 1637 428 1698 rationibus
456 1637 686 1697 confirmandam
715 1640 764 1716 qni
790 1639 973 1699 incumberet
1003 1657 1070 1699 eum
1098 1644 1236 1716 oportere
1258 1637 1383 1714 logicum

266 1749 449 1825 potissimum
471 1754 564 1808 artem
586 1750 734 1826 respicere
749 1735 836 1826 atque
852 1769 886 1809 ex
902 1751 964 1819 eius
984 1749 1097 1826 legibus
1113 1749 1268 1810 dictionem
1284 1763 1382 1823 gram-

265 1859 445 1936 maticosque
466 1853 611 1938 τρόπους
631 1859 798 1918 diiudicare.
880 1893 886 1898 -

265 2009 501 2024 n-——Q—-n

350 2095 376 2160 1)
395 2095 439 2145 (tf.
459 2095 532 2146 Sext.
550 2097 629 2161 Emp.
650 2095 711 2146 adu.
732 2097 816 2147 math.
834 2098 860 2159 1,
884 2091 947 2146 2663
974 2094 1136 2161 καταγελᾶν
1157 2085 1242 2158 ἄξιον
1265 2094 1320 2145 τῶν
1339 2096 1383 2146 λε-

267 2173 376 2245 γόντων
394 2170 437 2230 ὅτι
457 2175 484 2230 εἱ
501 2177 550 2230 καὶ
568 2171 586 2246 ἡ
607 2171 661 2244 ὕλη
679 2180 729 2246 τῆς
749 2176 875 2246 ἱστορίας
893 2173 969 2231 ἐστὶν
987 2171 1136 2247 οἱμὲθοδος
1149 2172 1166 2247 ἡ
1180 2175 1277 2246 μέντοι
1290 2178 1384 2244 κρίσις

254 2261 373 2330 ταύτης
392 2261 541 2330 γενήσεται
559 2261 688 2330 τεχνικη,
709 2258 752 2315 δι’
769 2253 802 2331 ἧς
821 2262 996 2331 γινώσκομεν
1013 2265 1044 2315 τί
1059 2281 1089 2316 τε
1107 2264 1217 2330 ψεῦδος
1236 2257 1383 2330 ἱστόρηται

266 2347 316 2400 κοιλ
333 2348 363 2399 τί
379 2339 511 2414 οἷληθοὶς,
531 2351 627 2414 quibus
646 2351 738 2400 uerbis
751 2351 913 2400 Tauriscum
926 2352 984 2415 peti
1002 2351 1185 2415 unusquisque
1198 2352 1282 2400 uidet.
1302 2351 1383 2401 Haec

267 2435 331 2500 quid
353 2435 406 2483 sibi
428 2434 516 2483 uelint
540 2435 697 2484 accuratius
722 2439 753 2484 ut
777 2435 925 2498 intellegas
945 2435 1100 2484 adscribam
1117 2435 1290 2500 Asclepiadis
1310 2435 1384 2500 apud

267 2521 340 2570 Sext.
359 2521 438 2584 Emp.
459 2519 520 2568 adu.
539 2501 628 2568 math..
643 2520 671 2583 I,
695 2520 745 2576 252
764 2537 803 2584 sq.
828 2521 1055 2586 disputationem
1075 2522 1099 2570 is
1121 2521 1193 2570 enim
1212 2519 1295 2586 τριχῇ
1311 2511 1383 2570 uiuo-

267 2603 421 2668 ὃιαιρεῐτυιι
440 2595 471 2652 τὸ
491 2597 648 2666 ἱστορικόν·
672 2603 722 2670 τῆς
741 2597 795 2669 γὰρ
815 2600 941 2670 ἱστορίας
960 2599 1012 2671 τὴν
1030 2599 1084 2672 μέν
1101 2621 1166 2654 τινα
1185 2595 1286 2672 citarit}
1304 2597 1386 2656 εἶναι’

267 2703 337 2755 φησι
355 2681 408 2754 τὴν
427 2683 458 2738 di
476 2687 573 2754 ψευδῆ
591 2682 644 2754 τὴν
663 2682 694 2739 δὲ
712 2680 749 2747 αἱς
767 2679 876 2756 οἷληθῆ,
895 2687 944 2740 καὶ
962 2681 1063 2755 dread
1080 2683 1133 2754 μὲν
1145 2683 1199 2755 τὴν
1211 2681 1384 2755 πρακτικήν,

266 2772 363 2840 ψευδῆ
383 2767 414 2823 δὲ
433 2765 486 2838 την
504 2770 569 2837 περὶ
588 2768 741 2839 πλάσματα
759 2771 808 2824 καλ
826 2768 954 2840 μύθους,
978 2765 1015 2832 οἱς
1033 2765 1133 2840 aanor}
1152 2767 1183 2824 di
1202 2772 1251 2824 οἵα
1271 2767 1345 2825 ἔστιν
1364 2770 1383 2841 ἡ

266 2857 402 2924 κωμῳδία
420 2854 469 2908 καὶ
488 2852 517 2907 οἱ
534 2855 625 2922 μίμοι.
657 2857 706 2924 τῆς
726 2853 757 2908 δὲ
776 2850 908 2925 ἀληθοῦς
926 2858 991 2924 τρία
1009 2854 1097 2909 ττσὶλιν
1115 2852 1200 2925 μέρη·
1219 2850 1237 2924 ἡ
1256 2853 1309 2924 μὲν
1327 2854 1385 2924 γάρ

267 2936 325 2994 ἔστι
343 2939 408 3007 περὶ
426 2933 461 2991 τοὶ
480 2933 616 3005 κρόςωκα
634 2941 713 2994 θεῶν
731 2940 780 2994 καὶ
798 2935 899 3009 ἡρώων
917 2942 966 2994 καλ
984 2935 1101 3008 οἷνοραῑν
1120 2935 1283 3010 ἐπιφανῶν,
1310 2935 1328 3009 ἠ
1350 2939 1385 2994 δὲ

266 3024 332 3091 περὶ
349 3020 415 3084 τοὺς
433 3021 537 3084 τόπους
555 3023 604 3077 καλ
623 3021 757 3092 χρόνους,
781 3019 799 3093 ἡ
820 3021 851 3078 οὲ
870 3025 936 3095 περὶ
954 3023 1004 3087 τὰς
1023 3025 1152 3094 πράξεις.
1188 3021 1239 3093 τὴς
1259 3022 1291 3078 δὲ
1310 3037 1385 3092 ψευ·

246 3097 349 3176 οοῦς,
374 3107 500 3162 τουτέστι
524 3111 575 3177 τῆς
598 3111 741 3178 putitatis,
763 3105 796 3162 ‘iv
820 3107 899 3171 εἷοος
922 3109 1012 3180 μόνον
1035 3105 1177 3179 ὑπάρχειν
1195 3107 1269 3176 λέγει
1288 3105 1319 3163 τὸ
1338 3129 1385 3178 γε·

267 3189 444 3261 νεαλογικόν.
479 3196 568 3261 Atque
587 3198 674 3247 habes
694 3197 816 3247 Cratetis
835 3199 968 3248 eiusmodi
987 3197 1104 3262 κρίσεως
1123 3199 1275 3262 exemplum
1288 3215 1385 3248 serua-

266 3288 323 3332 tum
346 3283 375 3331 in
399 3283 465 3346 frgt.
490 3283 544 3331 inc.
568 3282 625 3332 sed.
649 3281 666 3331 u
691 3283 832 3332 adhibitae
856 3285 885 3332 in
906 3279 1018 3348 Κρόνου
1035 3284 1153 3332 historia
1172 3283 1294 3332 fabulari
1312 3284 1386 3334 diiu-

266 3367 394 3416 dicanda.

351 3453 377 3514 2)
396 3453 513 3502 Vnicum
533 3451 654 3501 Cratetis
676 3451 729 3501 hac
752 3453 781 3500 in
804 3453 1006 3516 rra-positorum
1024 3453 1173 3502 studiorum
1192 3453 1387 3503 documentum
1472 3479 1473 3496 ι

266 3537 346 3586 uideo
366 3541 459 3586 extare
478 3537 608 3586 indicium
627 3537 661 3587 de
678 3537 819 3600 Euripidis
838 3537 936 3587 Oreste
954 3537 1093 3587 Alcestidc
1113 3537 1256 3602 Sophoclis
1268 3537 1388 3588 Electra

267 3621 352 3672 latum
371 3621 418 3685 (cf.
439 3620 560 3671 Cratetis
577 3623 606 3670 in
625 3621 750 3671 Orestem
769 3621 954 3686 prooemium).

351 3706 377 3769 3)
401 3707 491 3756 Minus
514 3707 600 3770 igitur
617 3711 692 3755 recte
713 3723 746 3756 ca
765 3706 881 3755 Lehrsio
899 3707 933 3755 de
951 3707 1095 3756 uocabulis
1114 3697 1265 3769 collitoros
1284 3710 1337 3759 ato.
1357 3725 1386 3771 p.

267 3790 336 3852 389(
367 3792 399 3840 R.
419 3791 570 3860 Schnridtio
589 3791 699 3842 stoicor.
719 3795 861 3853 grammat.
880 3808 905 3854 p.
925 3791 940 3840 3
963 3795 1018 3839 not.
1038 3789 1069 3850 3,
1095 3790 1158 3838 aliis
1181 3791 1243 3839 uisa
1261 3795 1304 3840 est
1321 3807 1386 3841 uer-

266 3877 362 3926 borum
381 3877 535 3936 contcnti03
554 3891 671 3940 namque
690 3877 799 3925 omnino
818 3880 919 3924 cuncta
931 3875 1175 3924 Alexandrinorum
1188 3875 1279 3924 studia
1293 3892 1387 3940 gram-

268 3961 389 4010 maticae
408 3961 518 4009 nomine
538 3961 695 4025 complexus
715 3965 757 4008 est
776 3959 887 4020 Crates,
912 3959 1094 4008 Alexandrini
1113 3965 1209 4009 contra
1228 3959 1322 4022 κρίσιν
1342 3961 1387 4010 di-

267 4050 364 4095 xerunt
377 4046 528 4095 carminum
541 4047 764 4095 aestimationem
777 4044 970 4106 aestlreticam,
983 4049 1014 4093 ut
1027 4060 1076 4094 nos
1089 4061 1178 4108 nequo
1192 4045 1279 4094 latine
1293 4061 1386 4108 neque

268 4146 369 4195 graece
388 4131 536 4194 loquimur;
557 4145 627 4194 quac
645 4133 771 4194 potestas
789 4129 912 4194 uulgaris
931 4145 965 4178 ea
983 4134 1013 4179 ut
1031 4130 1125 4179 docuit
1137 4129 1224 4178 Lehrs
1237 4145 1263 4193 p.
1278 4128 1328 4179 395
1342 4145 1385 4194 sq.

267 4231 322 4264 non
340 4215 428 4264 minus
447 4231 529 4278 quam
547 4214 667 4264 Cratetis
687 4214 816 4264 uniuersa
834 4215 923 4278 magis
941 4214 1071 4264 uocabuli
1089 4214 1117 4262 ui
1134 4229 1237 4278 usuque
1257 4213 1304 4277 (cl.
1319 4215 1386 4264 Pla-

268 4303 322 4348 ton.
343 4299 396 4363 pol.
416 4315 441 4365 p.
461 4298 544 4362 2590)
564 4299 762 4364 comprobatur.
