2950 5084
610 246 649 304 47

67 418 237 504 ἀλήθειαν
259 424 511 504 σφαιροποιίαν.
550 425 727 486 Geminus
749 424 852 486 elem.
877 429 1076 482 astronom.
1100 438 1129 498 p.
1147 421 1186 482 53

68 535 93 595 D
118 537 153 594 in
172 535 298 596 Petau.
323 533 534 612 uranolog„
557 553 586 612 p.
604 535 644 596 66
661 536 712 596 ed.
729 534 863 597 Halma.
888 524 1188 611 ..τοῦςδὲγραμ-

68 642 231 722 ματικοῦς
252 615 337 724 μηδὲ
365 641 520 722 λέγοντος
543 641 676 706 ἐκείνου
704 645 846 724 (Homeri)
875 637 1101 704 αἰσθάνεσθαι
1122 633 1189 700 άιιδ

64 749 286 835 Ἀριστάρχου
308 748 364 814 καὶ
386 750 560 834 Κράτητος
587 753 656 814 τών
678 753 877 836 κορυφαίων
901 749 938 814 ἐν
960 751 1002 832 τῇ
1024 746 1188 830 ἐπιστήμη

67 857 175 943 ταύτῃ
193 909 200 923 .
219 909 226 922 .
246 909 279 922 ..
311 855 387 924 ὅδὲ
410 859 544 944 Κράτης
571 863 712 943 (scribit)·
745 858 853 944 ,μίμὲν
880 859 1071 942 δυσομένου
1095 851 1222 922 ‘Tne-5

70 972 187 1054 ριόνος
208 966 264 1052 η’δ’
289 965 467 1044 άνιάντοςίί
486 1019 493 1033 .
512 1019 519 1034 .
538 1019 546 1033 .
571 966 589 1034 ὁ
610 970 673 1053 μὲν
687 969 752 1052 γάρ
769 973 887 1053 (Crates)
904 965 1109 1032 ἀκολουθοῦν
1122 977 1191 1040 τοῖς

68 1082 314 1162 μαθηματικοῖς
342 1078 501 1162 λέγεσθαι
528 1081 669 1144 δοκοῦσι
695 1078 758 1164 την
785 1077 1054 1160 διακεκαυμένην
1080 1075 1191 1158 ζώνηυ

70 1187 278 1272 κατέχεσθαί
296 1205 401 1273 φησιν
422 1185 489 1254 ῦιιδ
504 1193 565 1253 τοῦ
581 1185 744 1254 ὠκεανοῦ.
784 1187 863 1274 παρ’
881 1187 1041 1270 ἑκάτερον
1057 1185 1094 1250 δὲ
1109 1184 1190 1249 ταῦ-

68 1323 129 1382 της
152 1293 239 1362 εἷυαι
260 1295 324 1381 τὴν
346 1294 511 1382 εὔκρατον
532 1298 595 1383 τήν
616 1323 660 1378 τεΙ
674 1297 754 1364 καθ’
776 1297 863 1383 ἡμᾶς
884 1297 941 1362 καὶ
962 1294 1025 1380 τήν
1048 1295 1103 1360 ἐιιλ
1123 1295 1191 1358 θά-

69 1432 173 1492 τερον
195 1410 303 1493 μέρος.
342 1407 455 1494 ὠσπερ
484 1399 547 1474 οῦν
575 1411 612 1474 ολ
629 1407 708 1494 παρ’
731 1407 813 1493 ἡμῖν
835 1410 999 1482 Αέδίοιιες
1021 1396 1113 1472 οὗτοι
1136 1404 1190 1469 λέ-
1211 1419 1242 1470 ιο

68 1541 191 1601 γουται
219 1519 254 1582 οἱ
279 1515 362 1603 πρὸς
388 1523 600 1602 μεσημβρίαν
628 1519 816 1603 κεκλιμένοι
844 1516 922 1603 παρ’
948 1515 1030 1599 ὅλην
1057 1513 1119 1598 τὴν
1142 1517 1192 1578 οι’-
1221 1579 1226 1598 ,

69 1627 244 1711 κουμένην
271 1630 402 1710 ἔσχατοι
430 1652 500 1692 τιν
527 1628 652 1693 ἄλλων.
668 1631 910 1714 παροικοῦντες
942 1625 1002 1691 τὸν
1028 1621 1191 1706 ὠκεανὸν,

70 1737 181 1814 οὕτως
208 1744 311 1802 οῖεται
339 1739 413 1804 δεῖν
440 1736 496 1803 καὶ
523 1740 630 1822 πέραν
657 1743 718 1804 τοῦ
744 1737 896 1804 ὠκεανοῦ
923 1739 1083 1802 νοεῖσθαί
1100 1759 1193 1810 τινας

70 1851 245 1939 Αάθέοτιας
267 1847 428 1931 ἐσχάτους
455 1852 524 1913 τῦυ
551 1847 664 1914 άλλων
691 1853 760 1915 τῦν
787 1851 826 1914 έν
853 1852 895 1933 τῇ
923 1847 1018 1932 ἑτέρᾳ
1041 1842 1193 1931 εὐκράτῳ

70 1961 323 2042 παροικοῦντες
344 1955 405 2022 τὸν
427 1956 530 2023 αῦτδν
552 1963 674 2034 τοῦτον
694 1956 863 2024 ὠκεανόν·
889 1955 1021 2032 διττοῦς
1046 1955 1083 2020 δὲ
1107 1949 1193 2020 εἶναι
1211 1961 1242 2013 15

71 2067 132 2132 καὶ
162 2065 265 2150 διχθά
293 2068 458 2132 δεδάσδαι
480 2064 547 2133 ῦπδ
568 2072 630 2134 τοῦ
650 2066 818 2134 ὠκεανοῦ·
851 2071 1075 2152 προσκεῖσθαι
1097 2066 1135 2129 δὲ
1157 2062 1195 2128 τδ

70 2175 185 2260 ,,ημὲν
202 2177 396 2259 δυσομένου
412 2173 603 2263 Ὑπερίονος
622 2176 677 2262 ηδ’
702 2176 897 2260 άυιόντοςίί,
921 2176 971 2241 ὅτι
992 2179 1053 2240 τοῦ
1076 2176 1195 2253 ζωδια-

71 2289 140 2350 κοῦ
163 2283 247 2350 κατά
270 2285 426 2382 κορυφὴν
448 2287 543 2364 ὄντος
565 2287 618 2352 άεὶ
639 2292 686 2376 τῷ
702 2290 740 2354 ἐν
762 2292 803 2373 τῇ
824 2292 868 2372 γῇ
883 2289 1050 2372 ζωδιακχῦ,
1074 2285 1195 2350 τούτου

72 2394 108 2460 δ’
134 2393 199 2460 οῦκ
221 2397 437 2480 ἐκβαίνοντος
466 2398 528 2475 ἔξω
555 2402 615 2482 τῆς
635 2398 816 2471 Ἀδδιόπων
842 2396 970 2482 ἀμφοῖν
992 2399 1033 2481 τῇ
1057 2394 1195 2473 λοξώσει
1284 2431 1293 2438 -

71 2504 208 2588 ἀνάγκη
237 2505 295 2570 καὶ
322 2505 384 2591 την
413 2507 565 2592 πάροδον
597 2511 658 2572 τοῦ
683 2505 782 2592 ἡλίου
812 2511 925 2572 πάσαν
948 2497 1054 2592 ε’ντώ
1076 2506 1193 2574 πλάτει
1212 2513 1246 2564 20

14 2669 23 2680 .
73 2613 187 2702 τούτῳ
208 2621 363 2680 νοεῖσθαι
391 2615 448 2682 καὶ
475 2615 533 2693 τάς
555 2616 722 2693 άνατολάς
749 2616 806 2682 καλ
833 2615 892 2692 τάς
913 2616 1028 2691 δύσεις
1049 2619 1196 2698 συμβαί-

73 2749 153 2790 νειν
176 2725 326 2790 ἐνταῦθα
353 2725 456 2802 άλλας
484 2725 598 2804 ἄλλοις
625 2727 681 2792 καὶ
708 2724 781 2792 κατ’
806 2725 891 2790 ἄλλα
912 2721 934 2810 ἢ
956 2725 1041 2793 ἄλλα
1064 2737 1194 2809 σημεῖα.

74 2843 192 2922 εἴρηκε
227 2835 290 2918 μὲν
326 2833 431 2912 οὕτως
464 2835 797 2922 άστρονομικώτερον
833 2840 982 2920 νομίσας.
1034 2839 1196 2899 Strabo

74 2951 89 3011 1
113 2967 145 3028 p.
168 2950 201 3010 31
230 2949 260 3010 C.
313 2945 370 3009 καὶ
399 2946 560 3031 Κράτητα
589 2947 768 3030 εἰσάγοντα
800 2951 862 3030 την
892 2945 1009 3029 ἑτέραν
1041 2944 1197 3027 οἰκουμέ-

74 3079 145 3138 νην
180 3059 219 3137 (in
250 3058 371 3120 Homeri
402 3081 423 3120 α
454 3061 493 3120 23
528 3075 570 3139 sq.
608 3062 727 3140 uerba),
760 3053 805 3140 ἢν
837 3054 900 3120 οῦκ
929 3051 1023 3120 οἶδεν
1049 3053 1197 3137 ,Ὅμηρος
1214 3069 1247 3119 25

75 3164 258 3229 δουλεύειν
282 3161 443 3230 ὑποθέσει
467 3171 546 3250 (dicit
569 3172 762 3252 Posidonius).
807 3170 940 3230 Strabo
966 3171 991 3230 ΙΙ
1023 3187 1052 3248 p.
1083 3169 1140 3228 103
1164 3168 1195 3228 C:

76 3273 219 3359 Κράτης
241 3274 305 3357 μὲν
334 3275 496 3359 ἐξηγεῖται
525 3274 574 3340 ὅτι
601 3274 621 3360 ἡ
644 3277 771 3361 μεγάλη
794 3280 851 3360 τῆς
875 3274 1015 3358 Ἰνδικῆς
1040 3275 1198 3340 θάλασσα

76 3381 336 3468 μεσεμβολοῦσα
358 3383 436 3461 τοῦς
451 3389 619 3463 Αάδίοκας
640 3388 674 3464 ἐξ
690 3385 865 3456 άνατολών
881 3384 936 3450 εἰιλ
958 3382 1089 3467 δυσμάς
1110 3396 1201 3450 ιιοιεῐ

77 3491 207 3569 αὐτοῦς
229 3495 304 3578 δι’χα
327 3496 514 3562 δεδαῖσθαι.
553 3501 748 3560 chreslom.
772 3499 970 3560 Strabonis
997 3499 1056 3559 lib.
1080 3500 1092 3559 1
1115 3507 1196 3561 tom.

78 3609 120 3670 111
144 3625 172 3685 p.
196 3609 257 3668 457
282 3609 331 3670 ed.
355 3611 513 3672 Kramel:
645 3613 646 3618 ’
1198 3603 1232 3668 30

78 3761 178 3768 -ω--κ

142 3857 175 3912 ἀ.
189 3868 203 3912 ὁ
223 3855 237 3912 ὁ
252 3855 283 3912 δὲ
296 3851 465 3923 -άνιῦνιος
478 3862 530 3914 o'm.
543 3877 596 3928 ιιομ
642 3879 698 3914 sec.
712 3880 784 3915 man.
799 3865 859 3916 add.
875 3859 949 3934 clla.
963 3869 979 3916 8
992 3856 1113 3929 ἑκάτερα
1126 3863 1197 3914 coni.

80 3947 187 3996 Coraes
203 3942 215 4012 ΙΙ
241 3964 264 3996 α.
280 3950 311 3996 Ῑδ
329 3949 503 4012 προκεῖσθαι
521 3951 532 3998 l
574 3949 750 4014 προκεῖσθαι
769 3967 825 4000 sec.
845 3967 916 4000 man.
937 3964 953 3999 σ
972 3951 1032 4002 add.
1051 3949 1071 3998 B
1093 3945 1107 4016 ss
1129 3953 1199 3998 11.ss

81 4025 113 4081 ολ
132 4023 164 4080 δὲ
182 4045 198 4080 ε
215 4032 264 4082 sod
282 4021 333 4096 ἠδ’
352 4034 401 4082 sub
419 4050 506 4098 marg.
527 4034 632 4100 agglut.
651 4035 674 4084 Δ
695 4029 709 4102 ss
752 4053 776 4084 ιι.
792 4037 823 4084 19
843 4021 895 4096 έξιο
912 4027 965 4100 τὴν
983 4025 1133 4084 Αἰθιόπων
1150 4034 1200 4082 Bel

67 4111 139 4178 ’ἔξω
167 4108 221 4182 τήν
250 4115 334 4181 (σομε.
364 4117 440 4180 ταῖν)
470 4110 616 4168 αἰδιόιτων
646 4119 730 4183 (supr.
754 4117 831 4182 ίαιυ)
861 4119 884 4168 Δ
934 4120 1001 4168 ταῐν
1030 4111 1200 4166 almoniam

80 4201 188 4264 ghnopk
216 4205 244 4250 et
267 4215 323 4250 sec.
348 4217 420 4251 man.
440 4218 525 4268 marg.
543 4205 563 4252 B
582 4203 643 4254 add.
667 4199 680 4271 ll
699 4221 722 4256 ιι.
740 4207 783 4254 24.
814 4198 863 4252 καὶ
880 4197 1015 4268 Κράτητα
1034 4202 1132 4268 scripsi
1150 4218 1200 4268 pro

81 4280 135 4334 καὶ
188 4277 323 4350 Κράτητα
342 4278 375 4336 δὲ
394 4287 465 4338 coni.
486 4285 635 4338 Casaubon
