2950 5084
564 291 711 387 ν...

77 474 238 553 σκορπίος
259 468 393 552 τοξότης
408 469 590 557 αἰγόκερως
603 467 765 555 ὑδροχόος
781 467 878 553 ἰχθυς
894 467 995 552 κριός.
1020 467 1075 532 καὶ
1091 471 1194 532 ταῦτα

76 575 329 665 μίνόΚράτης.
347 584 461 646 schol.
485 584 598 646 Vatic.
618 583 789 665 Euripid.
814 583 832 644 λ.
847 604 870 644 s.
885 599 913 664 p.
930 582 1054 644 29806.
1072 581 1192 642 Cobet.

116 889 197 962 IIII
238 887 647 967 COMMENTARIVS
669 891 726 966 IN
748 887 1158 966 ARISTOPHANEM

273 1029 544 1122 Ριιοόοιονιι
568 1057 614 1124 IN
637 1055 994 1123 ARISTOPHANEM

43 1227 52 1246 ·
163 1207 257 1272 Κατά
279 1209 465 1276 Διονύσιον
488 1210 544 1278 καί
564 1211 721 1296 Κράτητα
743 1210 799 1276 καί
821 1207 1010 1292 Εὐκλείδην
1031 1211 1115 1292 μέρη
1138 1211 1229 1291 ιήςσ

77 1319 255 1452 κωμῳδίας
276 1305 339 1384 εἰσί
354 1321 514 1406 τέσσαρα
538 1320 719 1406 πρόλογος,
741 1320 840 1404 μέλος
860 1322 981 1406 χοροῦ,
1005 1318 1196 1384 ἐπεισόδιον

78 1427 136 1494 καί
160 1429 281 1507 ἔξοδος
307 1423 369 1496 καί
390 1431 556 1513 πρόλογος
576 1431 639 1516 μέν
662 1421 732 1496 ἐστι
754 1428 792 1494 τὸ
813 1429 908 1514 μέχρι
930 1432 991 1494 τοῦ
1012 1431 1116 1512 χοροῦ
1138 1431 1196 1510 τής

77 1536 231 1602 εἰσόδου·
248 1563 268 1622 η
259 1535 362 1604 ‘⁶66
337 1563 405 1624 αμα
421 1562 460 1624 τη
448 1541 595 1628 εἰσόδῳ
611 1544 672 1606 τοῦ
688 1563 792 1626 χορου
778 1539 970 1624 λεγομένη
987 1538 1082 1622 ρήσις
1099 1538 1197 1622 μέλος
1293 1593 1295 1600 ,

78 1651 230 1712 καλεῖται
248 1652 353 1734 χοροῦ
360 1672 366 1685 ·
393 1650 583 1716 ἐπεισόδιον
605 1651 645 1714 δέ
659 1651 728 1716 ἐστι
742 1650 842 1735 μέρος
863 1646 986 1732 μεταξύ
1007 1651 1119 1732 μελιᾶν
1141 1647 1198 1716 καί

78 1756 213 1841 ῥήσεων
235 1757 297 1822 δύο
320 1761 447 1844 χορῶν·
477 1761 590 1838 ἔξοδος
617 1761 657 1826 δέ
683 1739 775 1824 έστιν
802 1755 823 1844 ή
850 1758 933 1844 πρὸς
961 1762 1009 1844 τῷ
1030 1759 1116 1824 τέλει
1137 1761 1198 1822 τοῦ
1217 1764 1248 1815 10

77 1869 184 1950 χοροῦ
207 1867 310 1952 ῥῆσις.
349 1867 404 1932 καί
432 1873 537 1934 ταῦτα
563 1870 626 1953 μέν
657 1872 721 1936 εἰσι
748 1867 788 1934 τά
816 1869 899 1953 μέρη
927 1872 984 1952 τής
1007 1845 1223 1953 κωμῳδίας·’

78 1980 164 2062 μέρη
193 1977 231 2040 δὲ
258 1978 480 2063 παραβάσεως
510 1977 607 2044 ἑπτά·
643 1978 777 2068 ἑπτάκις
798 1978 864 2065 γάρ’
888 1976 905 2044 6
926 1979 1024 2064 χόρος
1046 1975 1197 2063 ω’ρχεῐτο,

79 2083 221 2151 ἐπειδάν
250 2089 296 2164 εἰς
323 2086 385 2172 τήν
409 2085 599 2180 ὀρχήστραν
628 2088 814 2175 εἰσήρχετο,
846 2085 891 2173 ήν
920 2087 962 2172 δή
987 2088 1048 2154 καί
1065 2092 1198 2171 λογεῖον

78 2199 254 2262 καλοῦσιν.
292 2194 313 2282 ή
335 2199 399 2281 μὲν
420 2188 484 2264 οὖν
506 2197 620 2285 πριότη
643 2198 777 2286 ὄρχησις
798 2199 983 2283 κομμάτιον
1006 2193 1197 2281 ἐλέγετο,ή

78 2307 116 2372 δὲ
141 2307 282 2391 δευτέρα
304 2308 493 2392 παράβασις
508 2304 691 2393 ὁμωνύμως
705 2313 753 2394 τῷ
766 2310 856 2393 γένει
879 2309 1030 2374 ἐκαλεῖτο
1053 2307 1119 2388 (καί
1133 2306 1197 2394 γάρ
1218 2319 1248 2368 15

78 2415 116 2482 τδ
147 2415 228 2482 ὅλον
260 2421 361 2484 τοῦτο
390 2418 625 2504 ἑπτάστροφον
658 2423 767 2504 σχῆμα
796 2419 985 2504 παράβασις
1021 2420 1197 2502 enatem)-

76 2523 97 2610 ή
122 2527 162 2592 δὲ
184 2530 278 2612 τρίτη
300 2527 447 2613 μακρόν,
477 2525 497 2612 ή
527 2531 563 2594 δὲ
592 2529 730 2613 τετάρτη
760 2525 827 2616 ᾠδή
857 2527 920 2594 καί·
942 2527 1089 2613 στροφή,
1118 2525 1138 2614 ἡ
1162 2530 1199 2594 δὲ

79 2637 213 2720 πέμπτη
238 2637 422 2721 ἐπίρρημα,
444 2635 519 2724 ήδὲ
534 2641 612 2723 ἕκτη
635 2637 766 2726 άντωδή
790 2638 846 2704 καί
861 2637 1084 2724 ἀντίστροφος
1091 2688 1100 2721 ,
1122 2635 1198 2722 ἡδὲ

78 2744 207 2830 ἑβδόμη
229 2743 470 2833 άντεπίρρημα.
507 2748 672 2814 εἰσελθών
701 2739 764 2816 οὖν
787 2745 804 2813 6
825 2747 924 2834 χορὸς
946 2751 993 2825 εἰς
1014 2747 1077 2832 τήν
1099 2746 1199 2833 ὀρχή-

78 2874 189 2940 στραν
210 2857 342 2942 μέτροις
364 2856 431 2924 τισί
453 2859 710 2942 διελέγετοτοίς
731 2855 927 2945 ὑποκριταῖς
954 2859 1010 2924 καί
1032 2857 1115 2944 πρὸς
1136 2857 1199 2943 τήν
1216 2866 1250 2916 20

78 2967 214 3052 σκήυηυ
236 2965 323 3050 εἰόρα
345 2971 403 3052 τῆς
419 2971 616 3056 κωμῳδίας·
641 2965 685 3036 άν
708 2959 770 3036 οὖν
792 2966 836 3046 εἰς
860 2971 897 3034 έκ
920 2969 1047 3046 πόλεως
1070 2969 1199 3052 ἐβάδιζε

149 3239 203 3286 α.1
224 3226 311 3300 ἰχθός
330 3231 422 3303 οοδ.Η
439 3241 492 3286 ιαό
518 3228 643 3286 κατά-
662 3226 825 3302 Εὐκλείδην
842 3253 894 3288 om.
909 3239 958 3286 Tz.
977 3238 1023 3301 qui
1041 3253 1078 3286 ue
1090 3237 1120 3286 12
1139 3242 1200 3302 post

79 3313 154 3372 ἑπτά
170 3321 232 3370 αδδ.
246 3319 344 3384 πρῶτα
358 3312 390 3370 δὲ
402 3312 437 3370 τά
450 3318 607 3372 Διονυσίου
618 3317 668 3371 καλ
680 3315 828 3386 Κράτητος
839 3319 890 3372 καί
903 3311 1080 3380 Εδιιλείδους
1099 3317 1201 3388 ρἠτέον

77 3422 130 3472 μοι
148 3402 161 3472 Η
185 3405 220 3454 ad
238 3395 401 3470 Εάκλείδην
419 3406 448 3456 in
465 3421 551 3470 marg.
573 3403 638 3463 ἴσως
656 3396 840 3472 Εὐβουλίδην
858 3422 902 3456 an.
917 3406 1040 3456 Crameri
1053 3402 1064 3472 [l
1079 3405 1130 3472 τής
1148 3423 1199 3456 om.

79 3507 124 3542 an.
144 3487 157 3556 [t
174 3507 198 3540 ν.
213 3493 227 3538 σ
246 3481 332 3554 χόρου
349 3483 446 3554 τδίτον
465 3481 626 3542 ἐπεισόδιον
643 3487 691 3541 καί
710 3487 893 3554 τέταρτονξ
864 3485 880 3541 έ
879 3489 962 3552 ξοδος
974 3491 1022 3540 Τι.
1035 3487 1047 3556 6
1062 3507 1087 3539 ν
1101 3495 1117 3541 8
1136 3493 1201 3542 scri-

78 3575 134 3626 bae
156 3573 239 3638 eulpa
258 3590 308 3670 της
327 3565 490 3625 εἰσόδου·
473 3591 490 3640 η
517 3562 587 3624 δὲ
568 3590 629 3640 αμα
646 3573 681 3640 τή
700 3567 802 3640 εἰσόδῳ
820 3572 872 3624 τοῦ
889 3573 977 3639 χοροῦ
995 3589 1046 3624 om.
1062 3570 1132 3640 611.ss
1148 3592 1171 3624 ιι.
1186 3580 1201 3624 9

78 3653 160 3711 ἐστιν
174 3658 221 3708 I'z.
235 3652 342 3748 ΙΙμὲρος
361 3660 460 3724 scripsi
478 3675 526 3724 pro
544 3652 628 3724 μέλος
645 3659 708 3709 coll
729 3658 869 3708 Aristotel.
890 3659 990 3756 poetic:
1012 3657 1201 3723 12ρ..1452ῡ

77 3740 139 3811 ⁴20ss
151 3760 176 3792 ιι.
191 3745 222 3792 10
240 3758 276 3792 an
294 3733 457 3808 ὀρχήσεωνί
467 3738 480 3810 ss
492 3762 515 3793 α.
529 3746 561 3793 11
579 3739 628 3794 καί
646 3742 737 3793 ταῦτα
754 3737 808 3808 μέν
826 3735 930 3793 εἰσι
899 3759 933 3792 τα
952 3737 1024 3811 μέρη
1042 3742 1093 3808 τής
1106 3759 1201 3810 κωμῳ-

79 3827 150 3885 δίας
175 3843 226 3876 om.
247 3843 290 3876 an.
313 3823 325 3893 l}
348 3845 372 3878 ει.
385 3832 417 3878 12
437 3818 603 3888 ἑπτάκις·-
573 3832 649 3877 -19
667 3818 867 3894 α’ντεπίρρημα
882 3844 933 3878 om.
945 3829 992 3877 Ἰν.
1010 3817 1054 3894 ss'
1039 3831 1149 3893 ορχείτο
1168 3829 1201 3878 li-

78 3915 123 3964 bri
135 3908 149 3978 Η
161 3929 185 3960 ν
200 3914 234 3961 13
251 3903 282 3960 δε
301 3918 363 3976 post
382 3903 501 3964 έπειδδν
519 3914 652 3978 scriptum
669 3913 762 3964 delent
782 3909 794 3980 Η
818 3931 841 3963 ιι.
857 3913 888 3962 17
906 3905 1018 3979 μακρόν
1035 3915 1135 3978 scripsi
1153 3929 1201 3978 pro

78 3987 187 4064 μικρὸν
214 3991 227 4060 Η
250 4013 273 4046 υ.
293 4000 325 4046 19
348 3988 364 4048 6
388 3990 472 4062 χορὸς
496 3988 623 4093 ηαοίν
609 4013 623 4047 ο
648 3992 772 4064 κωμικὸς
797 3989 924 4063 εἰσήγετο
947 3996 982 4064 τῇ
1005 3989 1146 4092 ὀρχήστρᾳ
1164 3985 1201 4062 ἣν

78 4079 131 4134 καλ
157 4081 270 4174 λογείοη
293 4079 438 4146 καλοῦμεν
461 4078 509 4132 καὶ
533 4073 735 4146 διαλεγόμενος
753 4097 806 4147 μεν
824 4085 884 4141 τοίς
902 4072 1071 4146 όποκριταις
1089 4078 1202 4147 μέτροις

79 4159 192 4230 ετέροις
210 4157 281 4228 πρὸς
299 4157 351 4230 τήν
370 4147 479 4232 σκηνήν
496 4165 555 4216 κτλ.
574 4161 682 4231 Τε.11ν.
696 4171 730 4216 21
747 4174 809 4231 post
821 4166 972 4234 κωμῳδίας
984 4167 1141 4216 intermittit
1153 4168 1200 4217 Tz.

77 4241 273 4302 α’πελθόντων
296 4249 333 4313 (p.
351 4247 392 4312 60,
413 4265 439 4302 u.
458 4249 484 4314 5)
508 4275 542 4286 --
563 4245 728 4316 παράβασις
751 4251 788 4317 (p.
812 4251 859 4314 60,
883 4268 910 4306 u.
934 4251 975 4316 10)
1000 4251 1074 4301 infra
1098 4251 1201 4302 eisdem

78 4349 192 4387 οιοιεειε
