<?xml version="1.0" encoding="UTF-8"?>
<!DOCTYPE html PUBLIC "-//W3C//DTD XHTML 1.0 Transitional//EN"
    "http://www.w3.org/TR/xhtml1/DTD/xhtml1-transitional.dtd">
<html xmlns="http://www.w3.org/1999/xhtml" xml:lang="en" lang="en">
 <head>
  <title>
</title>
<meta http-equiv="Content-Type" content="text/html;charset=utf-8" />
  <meta name='ocr-system' content='tesseract 3.04.00' />
  <meta name='ocr-capabilities' content='ocr_page ocr_carea ocr_par ocr_line ocrx_word'/>
</head>
<body>
  <div class='ocr_page' id='page_1' title='image "./decratetemallot00wachgoog_0022.png"; bbox 0 0 2950 5084; ppageno 0'>
   <div class='ocr_carea' id='block_1_1' title="bbox 621 254 660 317">
    <p class='ocr_par' dir='ltr' id='par_1_1' title="bbox 621 254 660 317">
     <span class='ocr_line' id='line_1_1' title="bbox 621 254 660 317; baseline 0.026 -1"><span class='ocrx_word' id='word_1_1' title='bbox 621 254 660 317; x_wconf 85' lang='lat'><strong>13</strong></span> 
     </span>
    </p>
   </div>
   <div class='ocr_carea' id='block_1_2' title="bbox 13 429 1225 3165">
    <p class='ocr_par' dir='ltr' id='par_1_2' title="bbox 69 429 1225 1510">
     <span class='ocr_line' id='line_1_2' title="bbox 83 429 1198 518; baseline -0.002 -20"><span class='ocrx_word' id='word_1_2' title='bbox 83 455 157 498; x_wconf 86' lang='grc' dir='ltr'><strong>νων</strong></span> <span class='ocrx_word' id='word_1_3' title='bbox 173 432 406 516; x_wconf 62' lang='lat' dir='ltr'><strong>‘thamyrum</strong></span> <span class='ocrx_word' id='word_1_4' title='bbox 427 433 504 518; x_wconf 78' lang='grc' dir='ltr'><strong>περὶ</strong></span> <span class='ocrx_word' id='word_1_5' title='bbox 526 437 671 508; x_wconf 74' lang='grc' dir='ltr'><strong><em>κλίσεως.</em></strong></span> <span class='ocrx_word' id='word_1_6' title='bbox 690 429 868 516; x_wconf 76' lang='grc' dir='ltr'><em>ὀνομάτων</em></span> <span class='ocrx_word' id='word_1_7' title='bbox 889 437 919 496; x_wconf 92' lang='lat' dir='ltr'><strong>in</strong></span> <span class='ocrx_word' id='word_1_8' title='bbox 937 435 1062 498; x_wconf 82' lang='lat' dir='ltr'><strong>Beller.</strong></span> <span class='ocrx_word' id='word_1_9' title='bbox 1085 455 1131 498; x_wconf 87' lang='lat' dir='ltr'><strong>an.</strong></span> <span class='ocrx_word' id='word_1_10' title='bbox 1146 438 1198 502; x_wconf 86' lang='lat' dir='ltr'><strong>Gr.</strong></span> 
     </span>
     <span class='ocr_line' id='line_1_3' title="bbox 82 546 1198 626; baseline 0.002 -20"><span class='ocrx_word' id='word_1_11' title='bbox 82 547 130 616; x_wconf 89' lang='lat' dir='ltr'><strong>lll,</strong></span> <span class='ocrx_word' id='word_1_12' title='bbox 154 566 182 625; x_wconf 85' lang='lat' dir='ltr'><strong>p.</strong></span> <span class='ocrx_word' id='word_1_13' title='bbox 205 548 266 608; x_wconf 78' lang='lat'><strong>975</strong></span> <span class='ocrx_word' id='word_1_14' title='bbox 298 565 340 626; x_wconf 78' lang='lat' dir='ltr'><strong>sq.</strong></span> <span class='ocrx_word' id='word_1_15' title='bbox 363 547 399 607; x_wconf 92' lang='lat' dir='ltr'><strong>ah</strong></span> <span class='ocrx_word' id='word_1_16' title='bbox 421 549 591 610; x_wconf 70' lang='lat' dir='ltr'><strong>Aristarcho</strong></span> <span class='ocrx_word' id='word_1_17' title='bbox 614 549 738 626; x_wconf 90' lang='lat' dir='ltr'><strong>repetiit.</strong></span> <span class='ocrx_word' id='word_1_18' title='bbox 783 546 892 607; x_wconf 92' lang='lat' dir='ltr'><strong>Verum</strong></span> <span class='ocrx_word' id='word_1_19' title='bbox 921 549 1073 609; x_wconf 89' lang='lat' dir='ltr'><strong>enimuero</strong></span> <span class='ocrx_word' id='word_1_20' title='bbox 1096 550 1198 626; x_wconf 83' lang='lat' dir='ltr'><strong>negari</strong></span> 
     </span>
     <span class='ocr_line' id='line_1_4' title="bbox 69 650 1197 738; baseline 0.002 -22"><span class='ocrx_word' id='word_1_21' title='bbox 69 650 188 737; x_wconf 62' lang='lat' dir='ltr'><strong>&#39;nequit</strong></span> <span class='ocrx_word' id='word_1_22' title='bbox 209 659 338 736; x_wconf 93' lang='lat' dir='ltr'><strong>primum</strong></span> <span class='ocrx_word' id='word_1_23' title='bbox 362 677 430 718; x_wconf 92' lang='lat' dir='ltr'><strong>cum</strong></span> <span class='ocrx_word' id='word_1_24' title='bbox 451 659 654 720; x_wconf 75' lang='lat' dir='ltr'><strong>Aristarchum</strong></span> <span class='ocrx_word' id='word_1_25' title='bbox 678 659 812 738; x_wconf 91' lang='lat' dir='ltr'><strong>quamuis</strong></span> <span class='ocrx_word' id='word_1_26' title='bbox 834 660 964 718; x_wconf 86' lang='lat' dir='ltr'><strong>emnium</strong></span> <span class='ocrx_word' id='word_1_27' title='bbox 992 659 1197 719; x_wconf 88' lang='lat' dir='ltr'><strong>consideratis-</strong></span> 
     </span>
     <span class='ocr_line' id='line_1_5' title="bbox 82 747 1225 846; baseline 0.001 -19"><span class='ocrx_word' id='word_1_28' title='bbox 82 770 157 828; x_wconf 90' lang='lat' dir='ltr'><strong>sime</strong></span> <span class='ocrx_word' id='word_1_29' title='bbox 180 775 331 830; x_wconf 90' lang='lat' dir='ltr'><strong>uersatum</strong></span> <span class='ocrx_word' id='word_1_30' title='bbox 359 776 422 830; x_wconf 91' lang='lat' dir='ltr'><strong>tum</strong></span> <span class='ocrx_word' id='word_1_31' title='bbox 448 775 563 830; x_wconf 87' lang='lat' dir='ltr'><strong>ceteros</strong></span> <span class='ocrx_word' id='word_1_32' title='bbox 585 769 798 830; x_wconf 86' lang='lat' dir='ltr'><strong>Alexandrinos</strong></span> <span class='ocrx_word' id='word_1_33' title='bbox 822 770 908 829; x_wconf 91' lang='lat' dir='ltr'><strong>nimis</strong></span> <span class='ocrx_word' id='word_1_34' title='bbox 929 747 1098 846; x_wconf 76' lang='lat' dir='ltr'><strong>regularum</strong></span> <span class='ocrx_word' id='word_1_35' title='bbox 1123 776 1197 828; x_wconf 87' lang='lat' dir='ltr'><strong>stre·</strong></span> <span class='ocrx_word' id='word_1_36' title='bbox 1223 830 1225 834; x_wconf 80' lang='grc'>,</span> 
     </span>
     <span class='ocr_line' id='line_1_6' title="bbox 82 878 1197 957; baseline 0 -19"><span class='ocrx_word' id='word_1_37' title='bbox 82 879 202 938; x_wconf 90' lang='lat' dir='ltr'><strong>nuitatis</strong></span> <span class='ocrx_word' id='word_1_38' title='bbox 225 879 321 938; x_wconf 87' lang='lat' dir='ltr'><strong>studio</strong></span> <span class='ocrx_word' id='word_1_39' title='bbox 347 878 487 957; x_wconf 85' lang='lat' dir='ltr'><strong>abreptos</strong></span> <span class='ocrx_word' id='word_1_40' title='bbox 507 899 571 941; x_wconf 87' lang='lat' dir='ltr'><strong>esse</strong></span> <span class='ocrx_word' id='word_1_41' title='bbox 595 888 626 940; x_wconf 91' lang='lat' dir='ltr'><strong>ut</strong></span> <span class='ocrx_word' id='word_1_42' title='bbox 652 893 810 957; x_wconf 89' lang='lat' dir='ltr'><strong>peruersas</strong></span> <span class='ocrx_word' id='word_1_43' title='bbox 831 878 911 956; x_wconf 83' lang='lat' dir='ltr'><strong>leges</strong></span> <span class='ocrx_word' id='word_1_44' title='bbox 933 879 1049 957; x_wconf 85' lang='lat' dir='ltr'><strong>linguae</strong></span> <span class='ocrx_word' id='word_1_45' title='bbox 1069 878 1197 938; x_wconf 88' lang='lat' dir='ltr'><strong>inculca-</strong></span> 
     </span>
     <span class='ocr_line' id='line_1_7' title="bbox 82 989 1199 1073; baseline 0 -26"><span class='ocrx_word' id='word_1_46' title='bbox 82 996 151 1048; x_wconf 91' lang='lat' dir='ltr'><strong>rent</strong></span> <span class='ocrx_word' id='word_1_47' title='bbox 172 989 255 1048; x_wconf 87' lang='lat' dir='ltr'><strong>—id</strong></span> <span class='ocrx_word' id='word_1_48' title='bbox 278 989 357 1066; x_wconf 84' lang='lat' dir='ltr'><strong>quod</strong></span> <span class='ocrx_word' id='word_1_49' title='bbox 380 991 477 1068; x_wconf 89' lang='lat' dir='ltr'><strong>quiuis</strong></span> <span class='ocrx_word' id='word_1_50' title='bbox 498 990 605 1050; x_wconf 85' lang='lat' dir='ltr'><strong>harum</strong></span> <span class='ocrx_word' id='word_1_51' title='bbox 627 1008 729 1073; x_wconf 75' lang='lat' dir='ltr'><strong>rerum</strong></span> <span class='ocrx_word' id='word_1_52' title='bbox 751 989 902 1066; x_wconf 91' lang='lat' dir='ltr'><strong>paululum</strong></span> <span class='ocrx_word' id='word_1_53' title='bbox 921 1007 1030 1067; x_wconf 80' lang='lat' dir='ltr'><strong>gnarus</strong></span> <span class='ocrx_word' id='word_1_54' title='bbox 1052 990 1199 1050; x_wconf 78' lang='lat' dir='ltr'>sexcentis</span> 
     </span>
     <span class='ocr_line' id='line_1_8' title="bbox 83 1096 1197 1179; baseline 0 -21"><span class='ocrx_word' id='word_1_55' title='bbox 83 1096 227 1175; x_wconf 86' lang='lat' dir='ltr'><strong>exeruplis</strong></span> <span class='ocrx_word' id='word_1_56' title='bbox 247 1099 327 1160; x_wconf 89' lang='lat' dir='ltr'><strong>uidet</strong></span> <span class='ocrx_word' id='word_1_57' title='bbox 349 1100 574 1178; x_wconf 90' lang='lat' dir='ltr'><strong>comprohatum</strong></span> <span class='ocrx_word' id='word_1_58' title='bbox 597 1134 641 1144; x_wconf 84' lang='lat'><em>-</em></span> <span class='ocrx_word' id='word_1_59' title='bbox 666 1100 773 1160; x_wconf 90' lang='lat' dir='ltr'><strong>deinde</strong></span> <span class='ocrx_word' id='word_1_60' title='bbox 794 1117 832 1159; x_wconf 90' lang='lat' dir='ltr'><strong>ne</strong></span> <span class='ocrx_word' id='word_1_61' title='bbox 854 1101 985 1178; x_wconf 90' lang='lat' dir='ltr'><strong>potuisse</strong></span> <span class='ocrx_word' id='word_1_62' title='bbox 1005 1099 1123 1179; x_wconf 89' lang='lat' dir='ltr'><strong>quidem</strong></span> <span class='ocrx_word' id='word_1_63' title='bbox 1145 1118 1197 1158; x_wconf 91' lang='lat' dir='ltr'><strong>ue·</strong></span> 
     </span>
     <span class='ocr_line' id='line_1_9' title="bbox 82 1209 1198 1290; baseline 0 -23"><span class='ocrx_word' id='word_1_64' title='bbox 82 1227 133 1268; x_wconf 91' lang='lat' dir='ltr'><strong>ras</strong></span> <span class='ocrx_word' id='word_1_65' title='bbox 154 1215 318 1288; x_wconf 87' lang='lat' dir='ltr'><strong>naturaque</strong></span> <span class='ocrx_word' id='word_1_66' title='bbox 338 1211 439 1270; x_wconf 90' lang='lat' dir='ltr'><strong>insitas</strong></span> <span class='ocrx_word' id='word_1_67' title='bbox 453 1209 569 1289; x_wconf 83' lang='lat' dir='ltr'><strong>linguae</strong></span> <span class='ocrx_word' id='word_1_68' title='bbox 591 1229 709 1270; x_wconf 89' lang='lat' dir='ltr'><strong>normas</strong></span> <span class='ocrx_word' id='word_1_69' title='bbox 731 1229 764 1270; x_wconf 92' lang='lat' dir='ltr'><strong>ea</strong></span> <span class='ocrx_word' id='word_1_70' title='bbox 789 1229 846 1290; x_wconf 90' lang='lat' dir='ltr'><strong>qua</strong></span> <span class='ocrx_word' id='word_1_71' title='bbox 875 1209 916 1268; x_wconf 92' lang='lat' dir='ltr'><strong>illi</strong></span> <span class='ocrx_word' id='word_1_72' title='bbox 945 1209 1198 1288; x_wconf 75' lang='lat' dir='ltr'><strong>progrederentur</strong></span> 
     </span>
     <span class='ocr_line' id='line_1_10' title="bbox 83 1319 1199 1400; baseline 0 -22"><span class='ocrx_word' id='word_1_73' title='bbox 83 1321 132 1378; x_wconf 88' lang='lat' dir='ltr'><strong>uia</strong></span> <span class='ocrx_word' id='word_1_74' title='bbox 154 1321 290 1396; x_wconf 79' lang='lat' dir='ltr'><strong>pernosci</strong></span> <span class='ocrx_word' id='word_1_75' title='bbox 321 1327 485 1400; x_wconf 86' lang='lat' dir='ltr'><strong>cunctaque</strong></span> <span class='ocrx_word' id='word_1_76' title='bbox 516 1339 619 1382; x_wconf 90' lang='lat' dir='ltr'><strong>eorum</strong></span> <span class='ocrx_word' id='word_1_77' title='bbox 652 1321 747 1382; x_wconf 91' lang='lat' dir='ltr'><strong>studia</strong></span> <span class='ocrx_word' id='word_1_78' title='bbox 781 1321 818 1380; x_wconf 94' lang='lat' dir='ltr'><strong>ad</strong></span> <span class='ocrx_word' id='word_1_79' title='bbox 847 1321 963 1380; x_wconf 88' lang='lat' dir='ltr'><strong>irritum</strong></span> <span class='ocrx_word' id='word_1_80' title='bbox 993 1319 1199 1398; x_wconf 78' lang='lat' dir='ltr'><strong>redigerentur</strong></span> 
     </span>
     <span class='ocr_line' id='line_1_11' title="bbox 83 1428 358 1510; baseline -0.004 -23"><span class='ocrx_word' id='word_1_81' title='bbox 83 1447 206 1490; x_wconf 86' lang='lat' dir='ltr'><strong>neccsse</strong></span> <span class='ocrx_word' id='word_1_82' title='bbox 229 1428 318 1490; x_wconf 90' lang='lat' dir='ltr'><strong>luisse</strong></span> <span class='ocrx_word' id='word_1_83' title='bbox 326 1428 358 1510; x_wconf 90' lang='grc'><strong>1).</strong></span> 
     </span>
    </p>

    <p class='ocr_par' dir='ltr' id='par_1_3' title="bbox 13 1539 1200 3165">
     <span class='ocr_line' id='line_1_12' title="bbox 170 1539 1197 1626; baseline 0 -28"><span class='ocrx_word' id='word_1_84' title='bbox 170 1539 236 1600; x_wconf 89' lang='lat' dir='ltr'><strong>Toti</strong></span> <span class='ocrx_word' id='word_1_85' title='bbox 267 1541 356 1618; x_wconf 84' lang='lat' dir='ltr'><strong>igitur</strong></span> <span class='ocrx_word' id='word_1_86' title='bbox 388 1540 458 1602; x_wconf 91' lang='lat' dir='ltr'><strong>huic</strong></span> <span class='ocrx_word' id='word_1_87' title='bbox 486 1543 592 1602; x_wconf 90' lang='lat' dir='ltr'><strong>rationi</strong></span> <span class='ocrx_word' id='word_1_88' title='bbox 621 1541 813 1602; x_wconf 84' lang='lat' dir='ltr'><strong>obnitendum</strong></span> <span class='ocrx_word' id='word_1_89' title='bbox 830 1559 913 1626; x_wconf 28' lang='lat' dir='ltr'><strong>:esse</strong></span> <span class='ocrx_word' id='word_1_90' title='bbox 940 1539 1062 1601; x_wconf 86' lang='lat' dir='ltr'><strong>credidit</strong></span> <span class='ocrx_word' id='word_1_91' title='bbox 1087 1539 1197 1608; x_wconf 82' lang='lat' dir='ltr'><strong>Grates,</strong></span> 
     </span>
     <span class='ocr_line' id='line_1_13' title="bbox 82 1629 1199 1730; baseline 0.004 -24"><span class='ocrx_word' id='word_1_92' title='bbox 82 1668 173 1727; x_wconf 85' lang='lat' dir='ltr'><strong>quem</strong></span> <span class='ocrx_word' id='word_1_93' title='bbox 209 1651 239 1710; x_wconf 90' lang='lat' dir='ltr'><strong>iu</strong></span> <span class='ocrx_word' id='word_1_94' title='bbox 266 1651 380 1712; x_wconf 90' lang='lat' dir='ltr'><strong>duabus</strong></span> <span class='ocrx_word' id='word_1_95' title='bbox 407 1653 591 1728; x_wconf 89' lang='lat' dir='ltr'><strong>potissimum</strong></span> <span class='ocrx_word' id='word_1_96' title='bbox 621 1629 695 1730; x_wconf 89' lang='lat' dir='ltr'><strong>quas</strong></span> <span class='ocrx_word' id='word_1_97' title='bbox 722 1652 809 1712; x_wconf 91' lang='lat' dir='ltr'><strong>modo</strong></span> <span class='ocrx_word' id='word_1_98' title='bbox 839 1652 898 1712; x_wconf 83' lang='lat' dir='ltr'><strong>tlixi</strong></span> <span class='ocrx_word' id='word_1_99' title='bbox 932 1651 1023 1712; x_wconf 89' lang='lat' dir='ltr'><strong>rebus</strong></span> <span class='ocrx_word' id='word_1_100' title='bbox 1043 1650 1199 1712; x_wconf 82' lang='lat' dir='ltr'><strong>offendisse</strong></span> 
     </span>
     <span class='ocr_line' id='line_1_14' title="bbox 82 1761 1196 1840; baseline 0.001 -21"><span class='ocrx_word' id='word_1_101' title='bbox 82 1761 220 1837; x_wconf 89' lang='lat' dir='ltr'><strong>suspicor</strong></span> <span class='ocrx_word' id='word_1_102' title='bbox 239 1767 327 1840; x_wconf 87' lang='lat' dir='ltr'><strong>atque</strong></span> <span class='ocrx_word' id='word_1_103' title='bbox 359 1797 394 1805; x_wconf 98' lang='lat'><em>-</em></span> <span class='ocrx_word' id='word_1_104' title='bbox 420 1763 535 1822; x_wconf 90' lang='lat' dir='ltr'><strong>dehoc</strong></span> <span class='ocrx_word' id='word_1_105' title='bbox 558 1763 721 1822; x_wconf 33' lang='lat' dir='ltr'><strong>enimssolo</strong></span> <span class='ocrx_word' id='word_1_106' title='bbox 744 1769 861 1823; x_wconf 90' lang='lat' dir='ltr'><strong>seruata</strong></span> <span class='ocrx_word' id='word_1_107' title='bbox 880 1769 949 1823; x_wconf 92' lang='lat' dir='ltr'><strong>suot</strong></span> <span class='ocrx_word' id='word_1_108' title='bbox 971 1761 1136 1822; x_wconf 82' lang='lat' dir='ltr'><strong>testimonla</strong></span> <span class='ocrx_word' id='word_1_109' title='bbox 1161 1795 1196 1804; x_wconf 93' lang='lat'><em>-</em></span> 
     </span>
     <span class='ocr_line' id='line_1_15' title="bbox 83 1850 1197 1953; baseline 0.002 -25"><span class='ocrx_word' id='word_1_110' title='bbox 83 1871 114 1928; x_wconf 92' lang='lat' dir='ltr'><strong>iu</strong></span> <span class='ocrx_word' id='word_1_111' title='bbox 138 1870 307 1932; x_wconf 89' lang='lat' dir='ltr'><strong>nominihus</strong></span> <span class='ocrx_word' id='word_1_112' title='bbox 329 1871 509 1932; x_wconf 81' lang='lat' dir='ltr'><strong>declinandis</strong></span> <span class='ocrx_word' id='word_1_113' title='bbox 533 1875 755 1951; x_wconf 86' lang='lat' dir='ltr'><strong>proportionem</strong></span> <span class='ocrx_word' id='word_1_114' title='bbox 785 1874 914 1953; x_wconf 89' lang='lat' dir='ltr'><strong>conspici</strong></span> <span class='ocrx_word' id='word_1_115' title='bbox 936 1872 1068 1948; x_wconf 82' lang='lat' dir='ltr'><strong>negauit,</strong></span> <span class='ocrx_word' id='word_1_116' title='bbox 1099 1850 1197 1951; x_wconf 89' lang='lat' dir='ltr'><strong>neque</strong></span> 
     </span>
     <span class='ocr_line' id='line_1_16' title="bbox 84 1981 1200 2061; baseline -0.001 -21"><span class='ocrx_word' id='word_1_117' title='bbox 84 1981 165 2040; x_wconf 92' lang='lat' dir='ltr'><strong>cuim</strong></span> <span class='ocrx_word' id='word_1_118' title='bbox 180 1983 416 2044; x_wconf 87' lang='lat' dir='ltr'><strong>omnia-totidem</strong></span> <span class='ocrx_word' id='word_1_119' title='bbox 439 1983 593 2044; x_wconf 85' lang='lat' dir='ltr'><strong>admittere</strong></span> <span class='ocrx_word' id='word_1_120' title='bbox 616 2003 700 2044; x_wconf 90' lang='lat' dir='ltr'><strong>casus</strong></span> <span class='ocrx_word' id='word_1_121' title='bbox 722 2002 819 2061; x_wconf 87' lang='lat' dir='ltr'><strong>neque</strong></span> <span class='ocrx_word' id='word_1_122' title='bbox 840 1982 1014 2043; x_wconf 89' lang='lat' dir='ltr'><strong>asimilihus</strong></span> <span class='ocrx_word' id='word_1_123' title='bbox 1032 1981 1200 2040; x_wconf 82' lang='lat' dir='ltr'><strong>nominibus</strong></span> 
     </span>
     <span class='ocr_line' id='line_1_17' title="bbox 83 2089 1199 2173; baseline 0 -24"><span class='ocrx_word' id='word_1_124' title='bbox 83 2089 216 2151; x_wconf 88' lang='lat' dir='ltr'><strong>similiter</strong></span> <span class='ocrx_word' id='word_1_125' title='bbox 243 2092 402 2154; x_wconf 87' lang='lat' dir='ltr'><strong>declinatis</strong></span> <span class='ocrx_word' id='word_1_126' title='bbox 415 2092 518 2153; x_wconf 88' lang='lat' dir='ltr'><strong>similia</strong></span> <span class='ocrx_word' id='word_1_127' title='bbox 541 2093 853 2173; x_wconf 77' lang='lat' dir='ltr'><strong>lieri(ir·g.1nc.sed.</strong></span> <span class='ocrx_word' id='word_1_128' title='bbox 886 2092 904 2150; x_wconf 80' lang='lat'>2</span> <span class='ocrx_word' id='word_1_129' title='bbox 927 2100 956 2152; x_wconf 91' lang='lat' dir='ltr'><strong>et</strong></span> <span class='ocrx_word' id='word_1_130' title='bbox 978 2094 1023 2169; x_wconf 86' lang='grc'><strong>3).</strong></span> <span class='ocrx_word' id='word_1_131' title='bbox 1068 2091 1199 2150; x_wconf 85' lang='lat' dir='ltr'><strong>Exorsus</strong></span> 
     </span>
     <span class='ocr_line' id='line_1_18' title="bbox 83 2201 1198 2284; baseline 0 -24"><span class='ocrx_word' id='word_1_132' title='bbox 83 2209 184 2262; x_wconf 89' lang='lat' dir='ltr'><strong>autem</strong></span> <span class='ocrx_word' id='word_1_133' title='bbox 205 2202 261 2262; x_wconf 91' lang='lat' dir='ltr'><strong>hac</strong></span> <span class='ocrx_word' id='word_1_134' title='bbox 284 2221 401 2283; x_wconf 89' lang='lat' dir='ltr'><strong>quoque</strong></span> <span class='ocrx_word' id='word_1_135' title='bbox 423 2206 452 2264; x_wconf 91' lang='lat' dir='ltr'><strong>iu</strong></span> <span class='ocrx_word' id='word_1_136' title='bbox 474 2223 507 2264; x_wconf 88' lang='lat' dir='ltr'><strong>re</strong></span> <span class='ocrx_word' id='word_1_137' title='bbox 530 2223 546 2264; x_wconf 92' lang='lat' dir='ltr'><strong>a</strong></span> <span class='ocrx_word' id='word_1_138' title='bbox 565 2203 697 2264; x_wconf 88' lang='lat' dir='ltr'><strong>Varrone</strong></span> <span class='ocrx_word' id='word_1_139' title='bbox 720 2203 786 2284; x_wconf 78' lang='lat' dir='ltr'><strong>(Arg.</strong></span> <span class='ocrx_word' id='word_1_140' title='bbox 811 2205 867 2264; x_wconf 91' lang='lat' dir='ltr'><strong>inc.</strong></span> <span class='ocrx_word' id='word_1_141' title='bbox 891 2203 951 2263; x_wconf 89' lang='lat' dir='ltr'><strong>sed.</strong></span> <span class='ocrx_word' id='word_1_142' title='bbox 973 2204 1002 2280; x_wconf 92' lang='grc'><strong>4)</strong></span> <span class='ocrx_word' id='word_1_143' title='bbox 1026 2201 1198 2279; x_wconf 85' lang='lat' dir='ltr'><strong>perhibetur</strong></span> 
     </span>
     <span class='ocr_line' id='line_1_19' title="bbox 84 2313 1199 2376; baseline 0.002 -5"><span class='ocrx_word' id='word_1_144' title='bbox 84 2331 121 2372; x_wconf 82' lang='lat' dir='ltr'><strong>en</strong></span> <span class='ocrx_word' id='word_1_145' title='bbox 151 2314 312 2374; x_wconf 85' lang='lat' dir='ltr'><strong>stoicorum</strong></span> <span class='ocrx_word' id='word_1_146' title='bbox 335 2315 468 2374; x_wconf 90' lang='lat' dir='ltr'><strong>doctriua</strong></span> <span class='ocrx_word' id='word_1_147' title='bbox 494 2322 523 2376; x_wconf 89' lang='lat' dir='ltr'><strong>et</strong></span> <span class='ocrx_word' id='word_1_148' title='bbox 550 2321 655 2376; x_wconf 90' lang='lat' dir='ltr'><strong>contra</strong></span> <span class='ocrx_word' id='word_1_149' title='bbox 677 2314 880 2374; x_wconf 79' lang='lat' dir='ltr'><strong>Aristarchum</strong></span> <span class='ocrx_word' id='word_1_150' title='bbox 907 2314 992 2372; x_wconf 85' lang='lat' dir='ltr'><strong>nixus</strong></span> <span class='ocrx_word' id='word_1_151' title='bbox 1020 2331 1084 2372; x_wconf 89' lang='lat' dir='ltr'><strong>esse</strong></span> <span class='ocrx_word' id='word_1_152' title='bbox 1107 2313 1199 2373; x_wconf 82' lang='lat' dir='ltr'><strong>fretus</strong></span> 
     </span>
     <span class='ocr_line' id='line_1_20' title="bbox 84 2417 1199 2504; baseline 0 -23"><span class='ocrx_word' id='word_1_153' title='bbox 84 2422 239 2501; x_wconf 83' lang='lat' dir='ltr'><strong>Chrysippi</strong></span> <span class='ocrx_word' id='word_1_154' title='bbox 260 2418 336 2504; x_wconf 75' lang='grc' dir='ltr'><strong>περὶ</strong></span> <span class='ocrx_word' id='word_1_155' title='bbox 357 2417 549 2503; x_wconf 81' lang='grc' dir='ltr'><strong><em>ἀνωμαλίας</em></strong></span> <span class='ocrx_word' id='word_1_156' title='bbox 570 2425 652 2486; x_wconf 91' lang='lat' dir='ltr'><strong>libris</strong></span> <span class='ocrx_word' id='word_1_157' title='bbox 675 2424 784 2496; x_wconf 77' lang='lat' dir='ltr'><strong>t1·ilr‚ne;</strong></span> <span class='ocrx_word' id='word_1_158' title='bbox 807 2425 967 2484; x_wconf 84' lang='lat' dir='ltr'><strong>stoicorum</strong></span> <span class='ocrx_word' id='word_1_159' title='bbox 984 2424 1072 2501; x_wconf 87' lang='lat' dir='ltr'><strong>igitur</strong></span> <span class='ocrx_word' id='word_1_160' title='bbox 1094 2422 1199 2500; x_wconf 89' lang='lat' dir='ltr'><strong>placita</strong></span> 
     </span>
     <span class='ocr_line' id='line_1_21' title="bbox 85 2531 1200 2612; baseline 0 -20"><span class='ocrx_word' id='word_1_161' title='bbox 85 2531 135 2592; x_wconf 90' lang='lat' dir='ltr'><strong>uel</strong></span> <span class='ocrx_word' id='word_1_162' title='bbox 160 2534 193 2592; x_wconf 86' lang='lat' dir='ltr'><strong>ll.</strong></span> <span class='ocrx_word' id='word_1_163' title='bbox 217 2533 377 2594; x_wconf 88' lang='lat' dir='ltr'><strong>Schmidtio</strong></span> <span class='ocrx_word' id='word_1_164' title='bbox 400 2553 506 2612; x_wconf 88' lang='lat' dir='ltr'><strong>parum</strong></span> <span class='ocrx_word' id='word_1_165' title='bbox 526 2537 642 2612; x_wconf 87' lang='lat' dir='ltr'><strong>cognita</strong></span> <span class='ocrx_word' id='word_1_166' title='bbox 671 2535 802 2596; x_wconf 89' lang='lat' dir='ltr'><strong>hreuiter</strong></span> <span class='ocrx_word' id='word_1_167' title='bbox 828 2533 973 2595; x_wconf 88' lang='lat' dir='ltr'><strong>delineem</strong></span> <span class='ocrx_word' id='word_1_168' title='bbox 996 2539 1120 2611; x_wconf 90' lang='lat' dir='ltr'><strong>oportet.</strong></span> <span class='ocrx_word' id='word_1_169' title='bbox 1165 2533 1200 2592; x_wconf 82' lang='lat' dir='ltr'><strong>m·</strong></span> 
     </span>
     <span class='ocr_line' id='line_1_22' title="bbox 85 2638 1200 2725; baseline 0 -24"><span class='ocrx_word' id='word_1_170' title='bbox 85 2641 155 2702; x_wconf 87' lang='lat' dir='ltr'><strong>licet</strong></span> <span class='ocrx_word' id='word_1_171' title='bbox 173 2644 378 2704; x_wconf 84' lang='lat' dir='ltr'><strong>existimarent</strong></span> <span class='ocrx_word' id='word_1_172' title='bbox 409 2645 538 2722; x_wconf 82' lang='lat' dir='ltr'><strong>linguam</strong></span> <span class='ocrx_word' id='word_1_173' title='bbox 559 2638 662 2725; x_wconf 74' lang='grc' dir='ltr'><strong><em>φύοὲι</em></strong></span> <span class='ocrx_word' id='word_1_174' title='bbox 684 2652 783 2704; x_wconf 89' lang='lat' dir='ltr'><strong>natam</strong></span> <span class='ocrx_word' id='word_1_175' title='bbox 805 2663 869 2705; x_wconf 91' lang='lat' dir='ltr'><strong>esse</strong></span> <span class='ocrx_word' id='word_1_176' title='bbox 890 2640 1109 2724; x_wconf 82' lang='grc' dir='ltr'><strong><em>μιμουμένων</em></strong></span> <span class='ocrx_word' id='word_1_177' title='bbox 1131 2642 1200 2702; x_wconf 82' lang='lat' dir='ltr'><strong>cciv</strong></span> 
     </span>
     <span class='ocr_line' id='line_1_23' title="bbox 13 2741 1199 2842; baseline -0.002 -29"><span class='ocrx_word' id='word_1_178' title='bbox 13 2823 18 2832; x_wconf 25' lang='grc' dir='ltr'>ἱ</span> <span class='ocrx_word' id='word_1_179' title='bbox 85 2748 231 2842; x_wconf 68' lang='grc' dir='ltr'><strong>παροίνων</strong></span> <span class='ocrx_word' id='word_1_180' title='bbox 253 2753 380 2833; x_wconf 76' lang='grc' dir='ltr'><strong><em>φωνῶν</em></strong></span> <span class='ocrx_word' id='word_1_181' title='bbox 402 2749 442 2814; x_wconf 79' lang='grc' dir='ltr'><strong>τὰ</strong></span> <span class='ocrx_word' id='word_1_182' title='bbox 465 2751 643 2836; x_wconf 78' lang='grc' dir='ltr'><strong><em>πράγματα</em></strong></span> <span class='ocrx_word' id='word_1_183' title='bbox 665 2749 746 2816; x_wconf 74' lang='grc' dir='ltr'><strong><em>καθ’</em></strong></span> <span class='ocrx_word' id='word_1_184' title='bbox 766 2741 815 2814; x_wconf 71' lang='grc' dir='ltr'><strong>οὖν</strong></span> <span class='ocrx_word' id='word_1_185' title='bbox 837 2748 877 2814; x_wconf 80' lang='grc' dir='ltr'><strong>τὰ</strong></span> <span class='ocrx_word' id='word_1_186' title='bbox 903 2747 1050 2832; x_wconf 83' lang='grc' dir='ltr'><strong><em>ὀνόματα</em></strong></span> <span class='ocrx_word' id='word_1_187' title='bbox 1073 2753 1199 2831; x_wconf 86' lang='lat' dir='ltr'><strong>indeque</strong></span> 
     </span>
     <span class='ocr_line' id='line_1_24' title="bbox 84 2860 1197 2945; baseline -0.001 -21"><span class='ocrx_word' id='word_1_188' title='bbox 84 2860 234 2942; x_wconf 78' lang='grc' dir='ltr'><strong><em>στοιχεῖά</em></strong></span> <span class='ocrx_word' id='word_1_189' title='bbox 263 2885 339 2925; x_wconf 85' lang='grc' dir='ltr'><strong><em>τινα</em></strong></span> <span class='ocrx_word' id='word_1_190' title='bbox 369 2862 586 2944; x_wconf 78' lang='grc' dir='ltr'><strong><em>ἐτυμολογίας</em></strong></span> <span class='ocrx_word' id='word_1_191' title='bbox 614 2873 785 2943; x_wconf 89' lang='lat' dir='ltr'><strong>repeterent</strong></span> <span class='ocrx_word' id='word_1_192' title='bbox 812 2865 964 2945; x_wconf 82' lang='lat' dir='ltr'><strong>(Origenes</strong></span> <span class='ocrx_word' id='word_1_193' title='bbox 990 2882 1014 2923; x_wconf 90' lang='lat' dir='ltr'><strong>c.</strong></span> <span class='ocrx_word' id='word_1_194' title='bbox 1038 2862 1153 2924; x_wconf 86' lang='lat' dir='ltr'><strong>Celsum</strong></span> <span class='ocrx_word' id='word_1_195' title='bbox 1175 2864 1197 2932; x_wconf 93' lang='lat' dir='ltr'><strong>l,</strong></span> 
     </span>
     <span class='ocr_line' id='line_1_25' title="bbox 88 2973 1198 3053; baseline -0.001 -19"><span class='ocrx_word' id='word_1_196' title='bbox 88 2995 114 3034; x_wconf 90' lang='lat' dir='ltr'><strong>c.</strong></span> <span class='ocrx_word' id='word_1_197' title='bbox 133 2975 201 3053; x_wconf 77' lang='grc'><strong>24),</strong></span> <span class='ocrx_word' id='word_1_198' title='bbox 229 2975 374 3052; x_wconf 87' lang='lat' dir='ltr'><strong>permulta</strong></span> <span class='ocrx_word' id='word_1_199' title='bbox 396 2983 494 3036; x_wconf 87' lang='lat' dir='ltr'><strong>tamen</strong></span> <span class='ocrx_word' id='word_1_200' title='bbox 516 2977 545 3035; x_wconf 92' lang='lat' dir='ltr'><strong>in</strong></span> <span class='ocrx_word' id='word_1_201' title='bbox 568 2995 602 3036; x_wconf 90' lang='lat' dir='ltr'><strong>ea</strong></span> <span class='ocrx_word' id='word_1_202' title='bbox 623 2976 775 3036; x_wconf 89' lang='lat' dir='ltr'><strong>homiuum</strong></span> <span class='ocrx_word' id='word_1_203' title='bbox 797 2975 1010 3036; x_wconf 86' lang='lat' dir='ltr'><strong>consuetudine</strong></span> <span class='ocrx_word' id='word_1_204' title='bbox 1035 2981 1063 3033; x_wconf 92' lang='lat' dir='ltr'><strong>et</strong></span> <span class='ocrx_word' id='word_1_205' title='bbox 1082 2973 1198 3033; x_wconf 89' lang='lat' dir='ltr'><strong>licentia</strong></span> 
     </span>
     <span class='ocr_line' id='line_1_26' title="bbox 85 3084 1198 3165; baseline -0.001 -22"><span class='ocrx_word' id='word_1_206' title='bbox 85 3084 203 3144; x_wconf 86' lang='lat' dir='ltr'><strong>turbata</strong></span> <span class='ocrx_word' id='word_1_207' title='bbox 229 3104 293 3145; x_wconf 90' lang='lat' dir='ltr'><strong>esse</strong></span> <span class='ocrx_word' id='word_1_208' title='bbox 316 3095 527 3146; x_wconf 90' lang='lat' dir='ltr'><strong>concesserunt</strong></span> <span class='ocrx_word' id='word_1_209' title='bbox 549 3085 595 3165; x_wconf 83' lang='lat' dir='ltr'><strong>(cl.</strong></span> <span class='ocrx_word' id='word_1_210' title='bbox 618 3088 739 3164; x_wconf 84' lang='lat' dir='ltr'><strong>August.</strong></span> <span class='ocrx_word' id='word_1_211' title='bbox 764 3087 858 3163; x_wconf 92' lang='lat' dir='ltr'><strong>princ.</strong></span> <span class='ocrx_word' id='word_1_212' title='bbox 882 3084 948 3145; x_wconf 87' lang='lat' dir='ltr'><strong>dial.</strong></span> <span class='ocrx_word' id='word_1_213' title='bbox 970 3105 995 3144; x_wconf 91' lang='grc' dir='ltr'><strong>ο.</strong></span> <span class='ocrx_word' id='word_1_214' title='bbox 1019 3085 1047 3163; x_wconf 87' lang='grc'><strong>6)</strong></span> <span class='ocrx_word' id='word_1_215' title='bbox 1076 3103 1198 3164; x_wconf 87' lang='lat' dir='ltr'><strong>eamque</strong></span> 
     </span>
    </p>
   </div>
   <div class='ocr_carea' id='block_1_3' title="bbox 86 3190 1306 3283">
    <p class='ocr_par' dir='ltr' id='par_1_4' title="bbox 86 3190 1306 3283">
     <span class='ocr_line' id='line_1_27' title="bbox 86 3190 1306 3283; baseline -0.001 -28"><span class='ocrx_word' id='word_1_216' title='bbox 86 3194 353 3273; x_wconf 78' lang='lat' dir='ltr'><strong>inacrprahilitatem</strong></span> <span class='ocrx_word' id='word_1_217' title='bbox 383 3198 548 3258; x_wconf 88' lang='lat' dir='ltr'><strong>docuerunt</strong></span> <span class='ocrx_word' id='word_1_218' title='bbox 580 3199 708 3274; x_wconf 88' lang='lat' dir='ltr'><strong>spectari</strong></span> <span class='ocrx_word' id='word_1_219' title='bbox 741 3203 771 3256; x_wconf 90' lang='lat' dir='ltr'><strong>et</strong></span> <span class='ocrx_word' id='word_1_220' title='bbox 799 3197 829 3256; x_wconf 92' lang='lat' dir='ltr'><strong>in</strong></span> <span class='ocrx_word' id='word_1_221' title='bbox 858 3190 1092 3273; x_wconf 78' lang='grc' dir='ltr'><strong><em>πολυωνύμοις</em></strong></span> <span class='ocrx_word' id='word_1_222' title='bbox 1124 3214 1198 3272; x_wconf 74' lang='grc' dir='ltr'><strong>(μου</strong></span> <span class='ocrx_word' id='word_1_223' title='bbox 1303 3275 1306 3283; x_wconf 29' lang='grc' dir='ltr'>Ι</span> 
     </span>
    </p>
   </div>
   <div class='ocr_carea' id='block_1_4' title="bbox 85 3303 1200 3616">
    <p class='ocr_par' dir='ltr' id='par_1_5' title="bbox 85 3303 1200 3616">
     <span class='ocr_line' id='line_1_28' title="bbox 85 3303 1199 3387; baseline -0.001 -22"><span class='ocrx_word' id='word_1_224' title='bbox 85 3303 274 3385; x_wconf 75' lang='grc' dir='ltr'><strong><em>συνώνυμα</em></strong></span> <span class='ocrx_word' id='word_1_225' title='bbox 297 3306 481 3384; x_wconf 88' lang='lat' dir='ltr'><strong>appellarunt</strong></span> <span class='ocrx_word' id='word_1_226' title='bbox 505 3305 551 3387; x_wconf 80' lang='lat' dir='ltr'><strong>(cl.</strong></span> <span class='ocrx_word' id='word_1_227' title='bbox 577 3306 706 3387; x_wconf 89' lang='lat' dir='ltr'><strong>Simplic.</strong></span> <span class='ocrx_word' id='word_1_228' title='bbox 730 3309 760 3366; x_wconf 94' lang='lat' dir='ltr'><strong>in</strong></span> <span class='ocrx_word' id='word_1_229' title='bbox 781 3307 867 3367; x_wconf 88' lang='lat' dir='ltr'><strong>Arist.</strong></span> <span class='ocrx_word' id='word_1_230' title='bbox 889 3312 980 3381; x_wconf 85' lang='lat' dir='ltr'><strong>categ.</strong></span> <span class='ocrx_word' id='word_1_231' title='bbox 1006 3305 1055 3364; x_wconf 85' lang='lat' dir='ltr'><strong>fol.</strong></span> <span class='ocrx_word' id='word_1_232' title='bbox 1082 3303 1109 3384; x_wconf 85' lang='grc'><strong>8)</strong></span> <span class='ocrx_word' id='word_1_233' title='bbox 1134 3324 1199 3364; x_wconf 84' lang='grc' dir='ltr'><strong>πα-</strong></span> 
     </span>
     <span class='ocr_line' id='line_1_29' title="bbox 85 3411 1200 3498; baseline -0.002 -23"><span class='ocrx_word' id='word_1_234' title='bbox 85 3411 286 3496; x_wconf 55' lang='lat' dir='ltr'><strong>conopoea</strong></span> <span class='ocrx_word' id='word_1_235' title='bbox 316 3412 527 3497; x_wconf 59' lang='grc' dir='ltr'><strong>μεταλήψει)</strong></span> <span class='ocrx_word' id='word_1_236' title='bbox 558 3417 620 3477; x_wconf 92' lang='lat' dir='ltr'><strong>aliis</strong></span> <span class='ocrx_word' id='word_1_237' title='bbox 629 3417 661 3498; x_wconf 77' lang='lat'><strong>⁴).</strong></span> <span class='ocrx_word' id='word_1_238' title='bbox 707 3418 814 3496; x_wconf 89' lang='lat' dir='ltr'><strong>Itaque</strong></span> <span class='ocrx_word' id='word_1_239' title='bbox 848 3436 882 3476; x_wconf 90' lang='lat' dir='ltr'><strong>eo</strong></span> <span class='ocrx_word' id='word_1_240' title='bbox 920 3422 1130 3494; x_wconf 87' lang='lat' dir='ltr'><strong>processerunt</strong></span> <span class='ocrx_word' id='word_1_241' title='bbox 1167 3422 1200 3474; x_wconf 91' lang='lat' dir='ltr'><strong>ut</strong></span> 
     </span>
     <span class='ocr_line' id='line_1_30' title="bbox 85 3511 1199 3616; baseline -0.002 -30"><span class='ocrx_word' id='word_1_242' title='bbox 85 3527 301 3604; x_wconf 86' lang='lat' dir='ltr'><strong>distinguerent</strong></span> <span class='ocrx_word' id='word_1_243' title='bbox 317 3528 479 3588; x_wconf 88' lang='lat' dir='ltr'><strong>uerborum</strong></span> <span class='ocrx_word' id='word_1_244' title='bbox 497 3521 534 3588; x_wconf 80' lang='grc' dir='ltr'><strong>τὸ</strong></span> <span class='ocrx_word' id='word_1_245' title='bbox 557 3527 603 3611; x_wconf 79' lang='grc' dir='ltr'><strong>τῷ</strong></span> <span class='ocrx_word' id='word_1_246' title='bbox 626 3511 875 3616; x_wconf 62' lang='lat' dir='ltr'><strong>oppucvops&#39;vpo7</strong></span> <span class='ocrx_word' id='word_1_247' title='bbox 881 3519 1093 3606; x_wconf 76' lang='grc' dir='ltr'><strong><em>δηλούμενον</em></strong></span> <span class='ocrx_word' id='word_1_248' title='bbox 1112 3533 1199 3604; x_wconf 90' lang='lat' dir='ltr'><strong>atque</strong></span> 
     </span>
    </p>
   </div>
   <div class='ocr_carea' id='block_1_5' title="bbox 83 3720 1248 4386">
    <p class='ocr_par' dir='ltr' id='par_1_6' title="bbox 84 3720 1205 3883">
     <span class='ocr_line' id='line_1_31' title="bbox 175 3720 1199 3797; baseline -0.004 -17"><span class='ocrx_word' id='word_1_249' title='bbox 175 3731 199 3793; x_wconf 96' lang='grc'><strong>1)</strong></span> <span class='ocrx_word' id='word_1_250' title='bbox 222 3733 255 3780; x_wconf 91' lang='lat' dir='ltr'><strong>In</strong></span> <span class='ocrx_word' id='word_1_251' title='bbox 278 3747 391 3782; x_wconf 83' lang='lat' dir='ltr'><strong>casuum</strong></span> <span class='ocrx_word' id='word_1_252' title='bbox 413 3730 540 3782; x_wconf 83' lang='lat' dir='ltr'><strong>doctriua</strong></span> <span class='ocrx_word' id='word_1_253' title='bbox 557 3731 698 3797; x_wconf 82' lang='lat' dir='ltr'><strong>perspexit</strong></span> <span class='ocrx_word' id='word_1_254' title='bbox 715 3731 743 3779; x_wconf 93' lang='lat' dir='ltr'><strong>id</strong></span> <span class='ocrx_word' id='word_1_255' title='bbox 761 3730 817 3780; x_wconf 83' lang='lat' dir='ltr'><strong>iam</strong></span> <span class='ocrx_word' id='word_1_256' title='bbox 835 3730 864 3779; x_wconf 88' lang='lat' dir='ltr'><strong>in</strong></span> <span class='ocrx_word' id='word_1_257' title='bbox 881 3720 1043 3794; x_wconf 77' lang='grc' dir='ltr'><strong><em>ὀνοματικῷ</em></strong></span> <span class='ocrx_word' id='word_1_258' title='bbox 1061 3743 1108 3778; x_wconf 88' lang='lat' dir='ltr'><strong>suo</strong></span> <span class='ocrx_word' id='word_1_259' title='bbox 1127 3743 1199 3777; x_wconf 86' lang='lat' dir='ltr'><strong>com·</strong></span> 
     </span>
     <span class='ocr_line' id='line_1_32' title="bbox 84 3814 1205 3883; baseline -0.003 -17"><span class='ocrx_word' id='word_1_260' title='bbox 84 3817 213 3883; x_wconf 88' lang='lat' dir='ltr'><strong>ponendo</strong></span> <span class='ocrx_word' id='word_1_261' title='bbox 232 3817 405 3866; x_wconf 82' lang='lat' dir='ltr'><strong>Herodianus</strong></span> <span class='ocrx_word' id='word_1_262' title='bbox 424 3816 471 3879; x_wconf 80' lang='lat' dir='ltr'><strong>(cf.</strong></span> <span class='ocrx_word' id='word_1_263' title='bbox 489 3817 630 3866; x_wconf 84' lang='lat' dir='ltr'><strong>Luebbert</strong></span> <span class='ocrx_word' id='word_1_264' title='bbox 647 3816 666 3866; x_wconf 92' lang='lat' dir='ltr'><strong>l.</strong></span> <span class='ocrx_word' id='word_1_265' title='bbox 685 3832 706 3866; x_wconf 86' lang='lat' dir='ltr'><strong>s.</strong></span> <span class='ocrx_word' id='word_1_266' title='bbox 725 3833 751 3880; x_wconf 86' lang='lat' dir='ltr'><strong>p.</strong></span> <span class='ocrx_word' id='word_1_267' title='bbox 770 3814 819 3864; x_wconf 78' lang='grc'><strong>444</strong></span> <span class='ocrx_word' id='word_1_268' title='bbox 838 3815 899 3879; x_wconf 84' lang='lat' dir='ltr'><strong>sq.).</strong></span> <span class='ocrx_word' id='word_1_269' title='bbox 1199 3870 1205 3882; x_wconf 45' lang='grc'>,</span> 
     </span>
    </p>

    <p class='ocr_par' dir='ltr' id='par_1_7' title="bbox 83 3898 1248 4049">
     <span class='ocr_line' id='line_1_33' title="bbox 172 3898 1248 3965; baseline -0.004 -17"><span class='ocrx_word' id='word_1_270' title='bbox 172 3901 198 3964; x_wconf 77' lang='lat'><strong>2)</strong></span> <span class='ocrx_word' id='word_1_271' title='bbox 224 3899 266 3950; x_wconf 83' lang='lat' dir='ltr'><strong>cf.</strong></span> <span class='ocrx_word' id='word_1_272' title='bbox 291 3901 389 3951; x_wconf 87' lang='lat' dir='ltr'><strong>Golen.</strong></span> <span class='ocrx_word' id='word_1_273' title='bbox 413 3901 508 3964; x_wconf 90' lang='lat' dir='ltr'><strong>XIIII,</strong></span> <span class='ocrx_word' id='word_1_274' title='bbox 539 3918 565 3965; x_wconf 88' lang='lat' dir='ltr'><strong>p.</strong></span> <span class='ocrx_word' id='word_1_275' title='bbox 588 3899 638 3950; x_wconf 75' lang='lat'><strong>595</strong></span> <span class='ocrx_word' id='word_1_276' title='bbox 673 3901 795 3963; x_wconf 60' lang='lat' dir='ltr'><strong>Kuehn„</strong></span> <span class='ocrx_word' id='word_1_277' title='bbox 826 3899 920 3965; x_wconf 86' lang='lat' dir='ltr'><strong>Simpl.</strong></span> <span class='ocrx_word' id='word_1_278' title='bbox 945 3899 974 3947; x_wconf 88' lang='lat' dir='ltr'><strong>in</strong></span> <span class='ocrx_word' id='word_1_279' title='bbox 993 3903 1084 3964; x_wconf 80' lang='lat' dir='ltr'><strong>octog.</strong></span> <span class='ocrx_word' id='word_1_280' title='bbox 1104 3898 1151 3947; x_wconf 82' lang='lat' dir='ltr'><strong>iol.</strong></span> <span class='ocrx_word' id='word_1_281' title='bbox 1172 3898 1198 3961; x_wconf 81' lang='lat' dir='ltr'><strong>o,</strong></span> <span class='ocrx_word' id='word_1_282' title='bbox 1245 3938 1248 3944; x_wconf 94' lang='lat'><strong>.</strong></span> 
     </span>
     <span class='ocr_line' id='line_1_34' title="bbox 83 3984 620 4049; baseline -0.002 -12"><span class='ocrx_word' id='word_1_283' title='bbox 83 3985 244 4038; x_wconf 79' lang='lat' dir='ltr'><strong>Alexander</strong></span> <span class='ocrx_word' id='word_1_284' title='bbox 261 3985 290 4034; x_wconf 90' lang='lat' dir='ltr'><strong>in</strong></span> <span class='ocrx_word' id='word_1_285' title='bbox 307 3985 384 4049; x_wconf 89' lang='lat' dir='ltr'><strong>soph.</strong></span> <span class='ocrx_word' id='word_1_286' title='bbox 404 3984 510 4034; x_wconf 88' lang='lat' dir='ltr'><strong>elench.</strong></span> <span class='ocrx_word' id='word_1_287' title='bbox 530 3985 577 4034; x_wconf 84' lang='lat' dir='ltr'><strong>iol.</strong></span> <span class='ocrx_word' id='word_1_288' title='bbox 596 3984 620 4036; x_wconf 88' lang='lat'><strong>3.</strong></span> 
     </span>
    </p>

    <p class='ocr_par' dir='ltr' id='par_1_8' title="bbox 84 4059 1198 4218">
     <span class='ocr_line' id='line_1_35' title="bbox 172 4059 1198 4134; baseline -0.003 -15"><span class='ocrx_word' id='word_1_289' title='bbox 172 4069 199 4134; x_wconf 88' lang='grc'><strong>3)</strong></span> <span class='ocrx_word' id='word_1_290' title='bbox 218 4068 261 4119; x_wconf 87' lang='lat' dir='ltr'><strong>Cf.</strong></span> <span class='ocrx_word' id='word_1_291' title='bbox 280 4069 395 4131; x_wconf 82' lang='lat' dir='ltr'><strong>Quintil.</strong></span> <span class='ocrx_word' id='word_1_292' title='bbox 414 4069 491 4131; x_wconf 88' lang='lat' dir='ltr'><strong>VIII,</strong></span> <span class='ocrx_word' id='word_1_293' title='bbox 509 4067 535 4118; x_wconf 88' lang='grc'><strong>6.</strong></span> <span class='ocrx_word' id='word_1_294' title='bbox 571 4068 688 4134; x_wconf 81' lang='lat' dir='ltr'><strong>Scripsit</strong></span> <span class='ocrx_word' id='word_1_295' title='bbox 707 4069 856 4120; x_wconf 80' lang='lat' dir='ltr'><strong>Cleanthes</strong></span> <span class='ocrx_word' id='word_1_296' title='bbox 874 4064 940 4132; x_wconf 74' lang='grc' dir='ltr'><strong>περ)</strong></span> <span class='ocrx_word' id='word_1_297' title='bbox 957 4059 1142 4133; x_wconf 62' lang='lat' dir='ltr'><strong>precipitatus</strong></span> <span class='ocrx_word' id='word_1_298' title='bbox 1161 4066 1198 4116; x_wconf 83' lang='lat' dir='ltr'><strong>ef.</strong></span> 
     </span>
     <span class='ocr_line' id='line_1_36' title="bbox 84 4151 492 4218; baseline -0.01 -14"><span class='ocrx_word' id='word_1_299' title='bbox 84 4155 189 4204; x_wconf 87' lang='lat' dir='ltr'><strong>Athen.</strong></span> <span class='ocrx_word' id='word_1_300' title='bbox 207 4154 255 4215; x_wconf 82' lang='lat' dir='ltr'><strong>XI,</strong></span> <span class='ocrx_word' id='word_1_301' title='bbox 275 4170 301 4218; x_wconf 90' lang='lat' dir='ltr'><strong>p.</strong></span> <span class='ocrx_word' id='word_1_302' title='bbox 320 4152 369 4202; x_wconf 83' lang='grc'><strong>467</strong></span> <span class='ocrx_word' id='word_1_303' title='bbox 389 4157 416 4203; x_wconf 85' lang='lat' dir='ltr'><strong>et</strong></span> <span class='ocrx_word' id='word_1_304' title='bbox 433 4151 492 4201; x_wconf 84' lang='grc'>471.</span> 
     </span>
    </p>

    <p class='ocr_par' dir='ltr' id='par_1_9' title="bbox 84 4225 1197 4386">
     <span class='ocr_line' id='line_1_37' title="bbox 172 4225 1197 4302; baseline -0.002 -16"><span class='ocrx_word' id='word_1_305' title='bbox 172 4237 199 4302; x_wconf 95' lang='grc'><strong>4)</strong></span> <span class='ocrx_word' id='word_1_306' title='bbox 217 4237 410 4302; x_wconf 77' lang='lat' dir='ltr'><strong>Adcurateque</strong></span> <span class='ocrx_word' id='word_1_307' title='bbox 423 4237 452 4286; x_wconf 87' lang='lat' dir='ltr'><strong>in</strong></span> <span class='ocrx_word' id='word_1_308' title='bbox 465 4249 516 4294; x_wconf 75' lang='lat' dir='ltr'><strong>eas</strong></span> <span class='ocrx_word' id='word_1_309' title='bbox 528 4251 598 4301; x_wconf 79' lang='lat' dir='ltr'><strong>quae</strong></span> <span class='ocrx_word' id='word_1_310' title='bbox 611 4237 675 4288; x_wconf 88' lang='lat' dir='ltr'><strong>inde</strong></span> <span class='ocrx_word' id='word_1_311' title='bbox 689 4243 800 4287; x_wconf 80' lang='lat' dir='ltr'><strong>exortae</strong></span> <span class='ocrx_word' id='word_1_312' title='bbox 816 4241 880 4288; x_wconf 86' lang='lat' dir='ltr'><strong>sunt</strong></span> <span class='ocrx_word' id='word_1_313' title='bbox 892 4225 1069 4301; x_wconf 71' lang='grc' dir='ltr'><strong><em>α’μφιβολίας</em></strong></span> <span class='ocrx_word' id='word_1_314' title='bbox 1083 4234 1197 4300; x_wconf 86' lang='lat' dir='ltr'><strong>inquisi-</strong></span> 
     </span>
     <span class='ocr_line' id='line_1_38' title="bbox 84 4320 776 4386; baseline -0.004 -11"><span class='ocrx_word' id='word_1_315' title='bbox 84 4327 195 4386; x_wconf 86' lang='lat' dir='ltr'><strong>ucrunt,</strong></span> <span class='ocrx_word' id='word_1_316' title='bbox 217 4323 253 4372; x_wconf 83' lang='lat' dir='ltr'><strong>ci.</strong></span> <span class='ocrx_word' id='word_1_317' title='bbox 272 4321 370 4372; x_wconf 84' lang='lat' dir='ltr'><strong>Prentl</strong></span> <span class='ocrx_word' id='word_1_318' title='bbox 386 4321 472 4386; x_wconf 76' lang='lat' dir='ltr'><strong>pescli.</strong></span> <span class='ocrx_word' id='word_1_319' title='bbox 491 4322 515 4370; x_wconf 85' lang='lat' dir='ltr'><strong>d.</strong></span> <span class='ocrx_word' id='word_1_320' title='bbox 535 4321 602 4386; x_wconf 77' lang='lat' dir='ltr'><strong>lopilc</strong></span> <span class='ocrx_word' id='word_1_321' title='bbox 620 4337 646 4386; x_wconf 92' lang='lat' dir='ltr'><strong>p.</strong></span> <span class='ocrx_word' id='word_1_322' title='bbox 665 4320 716 4372; x_wconf 76' lang='grc'><strong>459</strong></span> <span class='ocrx_word' id='word_1_323' title='bbox 733 4336 776 4386; x_wconf 82' lang='lat' dir='ltr'><strong>sq.</strong></span> 
     </span>
    </p>
   </div>
   <div class='ocr_carea' id='block_1_6' title="bbox 0 0 1481 5084">
    <p class='ocr_par' dir='ltr' id='par_1_10' title="bbox 0 0 1481 5084">
     <span class='ocr_line' id='line_1_39' title="bbox 0 0 1481 5084; baseline 0 0"><span class='ocrx_word' id='word_1_324' title='bbox 0 0 1481 5084; x_wconf 95' lang='lat' dir='ltr'><strong> </strong></span> 
     </span>
    </p>
   </div>
  </div>
 </body>
</html>
