<?xml version="1.0" encoding="UTF-8"?>
<!DOCTYPE html PUBLIC "-//W3C//DTD XHTML 1.0 Transitional//EN"
    "http://www.w3.org/TR/xhtml1/DTD/xhtml1-transitional.dtd">
<html xmlns="http://www.w3.org/1999/xhtml" xml:lang="en" lang="en">
 <head>
  <title>
</title>
<meta http-equiv="Content-Type" content="text/html;charset=utf-8" />
  <meta name='ocr-system' content='tesseract 3.04.00' />
  <meta name='ocr-capabilities' content='ocr_page ocr_carea ocr_par ocr_line ocrx_word'/>
</head>
<body>
  <div class='ocr_page' id='page_1' title='image "./decratetemallot00wachgoog_0051.png"; bbox 0 0 2950 5084; ppageno 0'>
   <div class='ocr_carea' id='block_1_1' title="bbox 766 245 938 339">
    <p class='ocr_par' dir='ltr' id='par_1_1' title="bbox 766 245 938 339">
     <span class='ocr_line' id='line_1_1' title="bbox 766 245 938 339; baseline 0.006 -1"><span class='ocrx_word' id='word_1_1' title='bbox 766 245 938 339; x_wconf 51' lang='lat' dir='ltr'><em>A...</em></span> 
     </span>
    </p>
   </div>
   <div class='ocr_carea' id='block_1_2' title="bbox 92 420 1415 3929">
    <p class='ocr_par' dir='ltr' id='par_1_2' title="bbox 168 420 1410 840">
     <span class='ocr_line' id='line_1_2' title="bbox 286 420 1408 514; baseline 0.004 -25"><span class='ocrx_word' id='word_1_2' title='bbox 286 420 355 490; x_wconf 74' lang='grc' dir='ltr'><em>ὅδὲ</em></span> <span class='ocrx_word' id='word_1_3' title='bbox 370 424 503 508; x_wconf 81' lang='grc' dir='ltr'><em>Κράτης</em></span> <span class='ocrx_word' id='word_1_4' title='bbox 518 422 608 510; x_wconf 84' lang='grc' dir='ltr'><em>παρά</em></span> <span class='ocrx_word' id='word_1_5' title='bbox 630 421 668 490; x_wconf 90' lang='grc' dir='ltr'>τό</span> <span class='ocrx_word' id='word_1_6' title='bbox 690 424 784 511; x_wconf 83' lang='grc' dir='ltr'><em>άφαρ</em></span> <span class='ocrx_word' id='word_1_7' title='bbox 806 426 989 512; x_wconf 77' lang='grc' dir='ltr'><strong><em>ἐπίρρημα,</em></strong></span> <span class='ocrx_word' id='word_1_8' title='bbox 1013 425 1100 512; x_wconf 90' lang='grc' dir='ltr'><em>παρδ</em></span> <span class='ocrx_word' id='word_1_9' title='bbox 1123 426 1179 493; x_wconf 80' lang='grc' dir='ltr'><em>καὶ</em></span> <span class='ocrx_word' id='word_1_10' title='bbox 1201 426 1408 514; x_wconf 86' lang='grc' dir='ltr'><em>άφάρτερος.</em></span> 
     </span>
     <span class='ocr_line' id='line_1_3' title="bbox 286 535 940 632; baseline 0.002 -33"><span class='ocrx_word' id='word_1_11' title='bbox 286 547 391 619; x_wconf 72' lang='lat' dir='ltr'><strong>etym.</strong></span> <span class='ocrx_word' id='word_1_12' title='bbox 415 557 527 632; x_wconf 70' lang='lat' dir='ltr'>magn.</span> <span class='ocrx_word' id='word_1_13' title='bbox 551 540 658 617; x_wconf 81' lang='lat' dir='ltr'>p.175</span> <span class='ocrx_word' id='word_1_14' title='bbox 681 559 709 600; x_wconf 88' lang='lat' dir='ltr'><em>u.</em></span> <span class='ocrx_word' id='word_1_15' title='bbox 731 535 940 621; x_wconf 82' lang='grc' dir='ltr'><em>Ἀφαρεύς.</em></span> 
     </span>
     <span class='ocr_line' id='line_1_4' title="bbox 370 642 1410 734; baseline 0.005 -24"><span class='ocrx_word' id='word_1_16' title='bbox 370 651 390 710; x_wconf 90' lang='grc' dir='ltr'><em>Ι</em></span> <span class='ocrx_word' id='word_1_17' title='bbox 413 649 481 710; x_wconf 85' lang='grc'><em>169.</em></span> <span class='ocrx_word' id='word_1_18' title='bbox 516 642 593 709; x_wconf 77' lang='grc' dir='ltr'><em>ὁδὲ</em></span> <span class='ocrx_word' id='word_1_19' title='bbox 615 646 749 730; x_wconf 89' lang='grc' dir='ltr'><em>Κράτης</em></span> <span class='ocrx_word' id='word_1_20' title='bbox 771 645 809 710; x_wconf 86' lang='grc' dir='ltr'>τό</span> <span class='ocrx_word' id='word_1_21' title='bbox 832 649 944 711; x_wconf 83' lang='grc' dir='ltr'><em>ἔπειτα</em></span> <span class='ocrx_word' id='word_1_22' title='bbox 966 645 1042 712; x_wconf 83' lang='grc' dir='ltr'><em>άντὶ</em></span> <span class='ocrx_word' id='word_1_23' title='bbox 1064 651 1125 712; x_wconf 85' lang='grc' dir='ltr'><em>τοῦ</em></span> <span class='ocrx_word' id='word_1_24' title='bbox 1147 645 1187 732; x_wconf 80' lang='grc' dir='ltr'><em>δη</em></span> <span class='ocrx_word' id='word_1_25' title='bbox 1211 649 1410 734; x_wconf 77' lang='grc' dir='ltr'><em>συνδέσμου</em></span> 
     </span>
     <span class='ocr_line' id='line_1_5' title="bbox 168 756 1286 840; baseline 0.002 -21"><span class='ocrx_word' id='word_1_26' title='bbox 168 801 172 819; x_wconf 81' lang='grc'><em>.</em></span> <span class='ocrx_word' id='word_1_27' title='bbox 286 756 460 840; x_wconf 76' lang='grc' dir='ltr'><em>λαμβάνει.</em></span> <span class='ocrx_word' id='word_1_28' title='bbox 485 759 601 820; x_wconf 80' lang='lat' dir='ltr'><strong>schol.</strong></span> <span class='ocrx_word' id='word_1_29' title='bbox 625 760 708 820; x_wconf 79' lang='lat' dir='ltr'><strong>A‘ll.</strong></span> <span class='ocrx_word' id='word_1_30' title='bbox 733 759 752 820; x_wconf 92' lang='lat' dir='ltr'><em>l.</em></span> <span class='ocrx_word' id='word_1_31' title='bbox 776 779 799 820; x_wconf 81' lang='lat' dir='ltr'><em>S.</em></span> <span class='ocrx_word' id='word_1_32' title='bbox 1283 809 1286 814; x_wconf 91' lang='lat'><em>.</em></span> 
     </span>
    </p>

    <p class='ocr_par' dir='ltr' id='par_1_3' title="bbox 128 843 1410 1175">
     <span class='ocr_line' id='line_1_6' title="bbox 128 843 1408 971; baseline 0.006 -44"><span class='ocrx_word' id='word_1_33' title='bbox 128 847 175 971; x_wconf 55' lang='lat' dir='ltr'><em>G(</em></span> <span class='ocrx_word' id='word_1_34' title='bbox 251 879 268 928; x_wconf 80' lang='lat'>5</span> <span class='ocrx_word' id='word_1_35' title='bbox 370 871 400 930; x_wconf 88' lang='lat' dir='ltr'><em>K</em></span> <span class='ocrx_word' id='word_1_36' title='bbox 424 843 484 948; x_wconf 54' lang='lat'><em>226</em></span> <span class='ocrx_word' id='word_1_37' title='bbox 506 889 550 948; x_wconf 87' lang='lat' dir='ltr'><em>sq.</em></span> <span class='ocrx_word' id='word_1_38' title='bbox 595 867 729 951; x_wconf 88' lang='grc' dir='ltr'><em>Κράτης</em></span> <span class='ocrx_word' id='word_1_39' title='bbox 757 867 795 932; x_wconf 78' lang='grc' dir='ltr'><em>δὲ</em></span> <span class='ocrx_word' id='word_1_40' title='bbox 821 867 942 932; x_wconf 77' lang='grc' dir='ltr'><em>Φωκέα</em></span> <span class='ocrx_word' id='word_1_41' title='bbox 971 880 1064 932; x_wconf 80' lang='grc' dir='ltr'><em>ποιεῖ</em></span> <span class='ocrx_word' id='word_1_42' title='bbox 1082 865 1142 934; x_wconf 83' lang='grc' dir='ltr'><em>τὸν</em></span> <span class='ocrx_word' id='word_1_43' title='bbox 1165 873 1311 934; x_wconf 89' lang='grc' dir='ltr'><em>Φοίνικα</em></span> <span class='ocrx_word' id='word_1_44' title='bbox 1336 895 1408 936; x_wconf 88' lang='grc' dir='ltr'><em>τεκ-</em></span> 
     </span>
     <span class='ocr_line' id='line_1_7' title="bbox 285 965 1410 1064; baseline 0.004 -24"><span class='ocrx_word' id='word_1_45' title='bbox 285 975 486 1059; x_wconf 86' lang='grc' dir='ltr'><em>μαιρόμενος</em></span> <span class='ocrx_word' id='word_1_46' title='bbox 515 977 553 1041; x_wconf 82' lang='grc' dir='ltr'><em>ἐκ</em></span> <span class='ocrx_word' id='word_1_47' title='bbox 574 980 636 1040; x_wconf 81' lang='grc' dir='ltr'><em>τοῦ</em></span> <span class='ocrx_word' id='word_1_48' title='bbox 658 976 805 1060; x_wconf 75' lang='grc' dir='ltr'><em>κράνους</em></span> <span class='ocrx_word' id='word_1_49' title='bbox 826 980 888 1040; x_wconf 83' lang='grc' dir='ltr'><em>τοῦ</em></span> <span class='ocrx_word' id='word_1_50' title='bbox 910 977 1123 1060; x_wconf 88' lang='grc' dir='ltr'><em>Μηριάυονς,</em></span> <span class='ocrx_word' id='word_1_51' title='bbox 1146 969 1175 1064; x_wconf 76' lang='grc' dir='ltr'><em>ᾦ</em></span> <span class='ocrx_word' id='word_1_52' title='bbox 1197 965 1370 1064; x_wconf 78' lang='grc' dir='ltr'><em>ἐχρήσατο</em></span> <span class='ocrx_word' id='word_1_53' title='bbox 1394 1005 1410 1045; x_wconf 93' lang='grc' dir='ltr'><em>ο</em></span> 
     </span>
     <span class='ocr_line' id='line_1_8' title="bbox 280 1078 1410 1175; baseline 0.004 -25"><span class='ocrx_word' id='word_1_54' title='bbox 280 1083 462 1162; x_wconf 78' lang='grc' dir='ltr'><em>Ὀδυσσεύς</em></span> <span class='ocrx_word' id='word_1_55' title='bbox 483 1085 567 1150; x_wconf 84' lang='grc' dir='ltr'><em>κατά</em></span> <span class='ocrx_word' id='word_1_56' title='bbox 588 1083 650 1170; x_wconf 77' lang='grc' dir='ltr'><em>τὴν</em></span> <span class='ocrx_word' id='word_1_57' title='bbox 672 1089 915 1172; x_wconf 77' lang='grc' dir='ltr'><em>νυκτεγερσίαυ</em></span> <span class='ocrx_word' id='word_1_58' title='bbox 937 1085 1014 1173; x_wconf 78' lang='grc' dir='ltr'><em>περὶ</em></span> <span class='ocrx_word' id='word_1_59' title='bbox 1037 1078 1078 1151; x_wconf 81' lang='grc' dir='ltr'><em>οὗ</em></span> <span class='ocrx_word' id='word_1_60' title='bbox 1100 1105 1204 1172; x_wconf 88' lang='grc' dir='ltr'><em>φησιν</em></span> <span class='ocrx_word' id='word_1_61' title='bbox 1227 1086 1245 1154; x_wconf 87' lang='grc' dir='ltr'><em>δ</em></span> <span class='ocrx_word' id='word_1_62' title='bbox 1266 1090 1410 1175; x_wconf 71' lang='grc' dir='ltr'><em>ποιητὴς</em></span> 
     </span>
    </p>

    <p class='ocr_par' dir='ltr' id='par_1_4' title="bbox 92 1151 1410 1328">
     <span class='ocr_line' id='line_1_9' title="bbox 92 1151 1410 1328; baseline 0.005 -69"><span class='ocrx_word' id='word_1_63' title='bbox 92 1151 178 1328; x_wconf 58' lang='grc' dir='ltr'><em>(Ιχ.</em></span> <span class='ocrx_word' id='word_1_64' title='bbox 285 1194 336 1260; x_wconf 84' lang='grc' dir='ltr'><em>ὅτι</em></span> <span class='ocrx_word' id='word_1_65' title='bbox 363 1197 428 1278; x_wconf 78' lang='grc' dir='ltr'><em>,,ἐξ</em></span> <span class='ocrx_word' id='word_1_66' title='bbox 454 1195 613 1272; x_wconf 72' lang='grc' dir='ltr'><em>Ἐλεῶνος</em></span> <span class='ocrx_word' id='word_1_67' title='bbox 634 1235 679 1283; x_wconf 22' lang='lat'><em>¹—</em></span> <span class='ocrx_word' id='word_1_68' title='bbox 708 1194 958 1282; x_wconf 56' lang='grc' dir='ltr'><em>ἀντιτορήσας(ς</em></span> <span class='ocrx_word' id='word_1_69' title='bbox 987 1201 1032 1278; x_wconf 87' lang='lat' dir='ltr'><em>(K</em></span> <span class='ocrx_word' id='word_1_70' title='bbox 1058 1185 1127 1268; x_wconf 56' lang='lat'><em>226.</em></span> <span class='ocrx_word' id='word_1_71' title='bbox 1157 1183 1248 1294; x_wconf 51' lang='lat' dir='ltr'><em>m)-</em></span> <span class='ocrx_word' id='word_1_72' title='bbox 1287 1200 1353 1264; x_wconf 86' lang='grc' dir='ltr'><em>τόν</em></span> <span class='ocrx_word' id='word_1_73' title='bbox 1375 1225 1410 1266; x_wconf 79' lang='grc' dir='ltr'><em>τε</em></span> 
     </span>
    </p>

    <p class='ocr_par' dir='ltr' id='par_1_5' title="bbox 185 1303 1409 1395">
     <span class='ocr_line' id='line_1_10' title="bbox 185 1303 1409 1395; baseline 0.008 -31"><span class='ocrx_word' id='word_1_74' title='bbox 185 1349 190 1364; x_wconf 93' lang='grc'><em>.</em></span> <span class='ocrx_word' id='word_1_75' title='bbox 284 1303 349 1391; x_wconf 74' lang='grc' dir='ltr'><em>γάρ</em></span> <span class='ocrx_word' id='word_1_76' title='bbox 368 1304 512 1370; x_wconf 70' lang='grc' dir='ltr'><em>Ἐλεοῖνα</em></span> <span class='ocrx_word' id='word_1_77' title='bbox 540 1306 577 1370; x_wconf 83' lang='grc' dir='ltr'><em>ἑν</em></span> <span class='ocrx_word' id='word_1_78' title='bbox 599 1309 645 1392; x_wconf 77' lang='grc' dir='ltr'><em>τῷ</em></span> <span class='ocrx_word' id='word_1_79' title='bbox 667 1310 840 1393; x_wconf 75' lang='grc' dir='ltr'><em>Παρνασῷ</em></span> <span class='ocrx_word' id='word_1_80' title='bbox 868 1309 1052 1390; x_wconf 77' lang='grc' dir='ltr'><em>πολίχνιονΙ</em></span> <span class='ocrx_word' id='word_1_81' title='bbox 1072 1303 1159 1371; x_wconf 80' lang='grc' dir='ltr'><em>εἶναι</em></span> <span class='ocrx_word' id='word_1_82' title='bbox 1186 1308 1246 1372; x_wconf 83' lang='grc' dir='ltr'><em>τάν</em></span> <span class='ocrx_word' id='word_1_83' title='bbox 1274 1333 1311 1374; x_wconf 88' lang='grc' dir='ltr'><em>τε</em></span> <span class='ocrx_word' id='word_1_84' title='bbox 1332 1309 1409 1395; x_wconf 89' lang='grc' dir='ltr'><em>Ὀρ-</em></span> 
     </span>
    </p>

    <p class='ocr_par' dir='ltr' id='par_1_6' title="bbox 237 1412 1410 1501">
     <span class='ocr_line' id='line_1_11' title="bbox 237 1412 1410 1501; baseline 0.005 -22"><span class='ocrx_word' id='word_1_85' title='bbox 237 1430 269 1486; x_wconf 81' lang='grc' dir='ltr'><em>ιο</em></span> <span class='ocrx_word' id='word_1_86' title='bbox 285 1417 427 1500; x_wconf 77' lang='grc' dir='ltr'><em>μειιίδηυ</em></span> <span class='ocrx_word' id='word_1_87' title='bbox 445 1415 631 1500; x_wconf 84' lang='grc' dir='ltr'><em>Ἀμύντορα</em></span> <span class='ocrx_word' id='word_1_88' title='bbox 654 1413 715 1481; x_wconf 76' lang='grc' dir='ltr'><em>οὐκ</em></span> <span class='ocrx_word' id='word_1_89' title='bbox 737 1415 842 1492; x_wconf 85' lang='grc' dir='ltr'><em>άλλου</em></span> <span class='ocrx_word' id='word_1_90' title='bbox 863 1414 939 1482; x_wconf 86' lang='grc' dir='ltr'><em>τινά</em></span> <span class='ocrx_word' id='word_1_91' title='bbox 962 1419 1119 1500; x_wconf 78' lang='grc' dir='ltr'><em>λέγεσθαι</em></span> <span class='ocrx_word' id='word_1_92' title='bbox 1133 1412 1156 1501; x_wconf 78' lang='grc' dir='ltr'><em>ἢ</em></span> <span class='ocrx_word' id='word_1_93' title='bbox 1170 1419 1230 1482; x_wconf 81' lang='grc' dir='ltr'><em>τὸν</em></span> <span class='ocrx_word' id='word_1_94' title='bbox 1245 1424 1306 1483; x_wconf 85' lang='grc' dir='ltr'><em>τοῦ</em></span> <span class='ocrx_word' id='word_1_95' title='bbox 1323 1425 1410 1485; x_wconf 87' lang='grc' dir='ltr'><em>Φοί-</em></span> 
     </span>
    </p>

    <p class='ocr_par' dir='ltr' id='par_1_7' title="bbox 284 1523 1409 1617">
     <span class='ocr_line' id='line_1_12' title="bbox 284 1523 1409 1617; baseline 0.004 -27"><span class='ocrx_word' id='word_1_96' title='bbox 284 1549 378 1601; x_wconf 90' lang='grc' dir='ltr'><em>νικος</em></span> <span class='ocrx_word' id='word_1_97' title='bbox 399 1527 531 1608; x_wconf 79' lang='grc' dir='ltr'><em>πατέρα</em></span> <span class='ocrx_word' id='word_1_98' title='bbox 548 1525 604 1590; x_wconf 82' lang='grc' dir='ltr'><em>καὶ</em></span> <span class='ocrx_word' id='word_1_99' title='bbox 625 1523 684 1590; x_wconf 86' lang='grc' dir='ltr'><em>τὸν</em></span> <span class='ocrx_word' id='word_1_100' title='bbox 699 1524 899 1592; x_wconf 78' lang='grc' dir='ltr'><em>Αὐτόλυκον</em></span> <span class='ocrx_word' id='word_1_101' title='bbox 920 1529 1079 1592; x_wconf 78' lang='grc' dir='ltr'><em>οἰκοῦντα</em></span> <span class='ocrx_word' id='word_1_102' title='bbox 1103 1528 1209 1614; x_wconf 79' lang='grc' dir='ltr'><em>ἐντῷ</em></span> <span class='ocrx_word' id='word_1_103' title='bbox 1229 1534 1409 1617; x_wconf 76' lang='grc' dir='ltr'><em>Παρνασῷ</em></span> 
     </span>
    </p>

    <p class='ocr_par' dir='ltr' id='par_1_8' title="bbox 285 1633 1409 1837">
     <span class='ocr_line' id='line_1_13' title="bbox 285 1633 1409 1724; baseline 0.003 -22"><span class='ocrx_word' id='word_1_104' title='bbox 285 1647 503 1720; x_wconf 78' lang='grc' dir='ltr'><em>τοιχωρυχεῖν</em></span> <span class='ocrx_word' id='word_1_105' title='bbox 521 1633 569 1702; x_wconf 81' lang='grc' dir='ltr'><em>τά</em></span> <span class='ocrx_word' id='word_1_106' title='bbox 587 1639 655 1700; x_wconf 79' lang='grc' dir='ltr'><em>τῶν</em></span> <span class='ocrx_word' id='word_1_107' title='bbox 676 1637 848 1719; x_wconf 83' lang='grc' dir='ltr'><em>γειτόνων,</em></span> <span class='ocrx_word' id='word_1_108' title='bbox 873 1635 954 1722; x_wconf 83' lang='grc' dir='ltr'><em>ὅπερ</em></span> <span class='ocrx_word' id='word_1_109' title='bbox 977 1637 1182 1703; x_wconf 83' lang='grc' dir='ltr'><em>κοινόνέστι</em></span> <span class='ocrx_word' id='word_1_110' title='bbox 1197 1640 1409 1724; x_wconf 83' lang='grc' dir='ltr'><em>τοιχωρύχον</em></span> 
     </span>
     <span class='ocr_line' id='line_1_14' title="bbox 286 1743 1319 1837; baseline 0.004 -27"><span class='ocrx_word' id='word_1_111' title='bbox 286 1743 426 1828; x_wconf 81' lang='grc' dir='ltr'><em>παντὸς,</em></span> <span class='ocrx_word' id='word_1_112' title='bbox 451 1743 492 1810; x_wconf 84' lang='grc' dir='ltr'><em>οὐ</em></span> <span class='ocrx_word' id='word_1_113' title='bbox 513 1744 554 1810; x_wconf 87' lang='grc' dir='ltr'><em>τά</em></span> <span class='ocrx_word' id='word_1_114' title='bbox 575 1749 644 1812; x_wconf 77' lang='grc' dir='ltr'><em>τῶν</em></span> <span class='ocrx_word' id='word_1_115' title='bbox 666 1746 857 1837; x_wconf 72' lang='grc' dir='ltr'><em>πόρρωθεν.</em></span> <span class='ocrx_word' id='word_1_116' title='bbox 903 1751 1040 1812; x_wconf 81' lang='lat' dir='ltr'>Strabo</span> <span class='ocrx_word' id='word_1_117' title='bbox 1064 1752 1141 1812; x_wconf 88' lang='lat' dir='ltr'>Vllll</span> <span class='ocrx_word' id='word_1_118' title='bbox 1163 1771 1192 1830; x_wconf 86' lang='lat' dir='ltr'><em>p.</em></span> <span class='ocrx_word' id='word_1_119' title='bbox 1209 1751 1271 1812; x_wconf 77' lang='lat'><em>439</em></span> <span class='ocrx_word' id='word_1_120' title='bbox 1288 1753 1319 1814; x_wconf 86' lang='lat' dir='ltr'><em>C.</em></span> 
     </span>
    </p>

    <p class='ocr_par' dir='ltr' id='par_1_9' title="bbox 329 1846 1410 1944">
     <span class='ocr_line' id='line_1_15' title="bbox 329 1851 1410 1944; baseline 0.002 -22"><span class='ocrx_word' id='word_1_121' title='bbox 329 1891 331 1894; x_wconf 95' lang='lat'>·</span> <span class='ocrx_word' id='word_1_122' title='bbox 373 1859 407 1922; x_wconf 88' lang='grc' dir='ltr'><em>Κ</em></span> <span class='ocrx_word' id='word_1_123' title='bbox 427 1861 498 1922; x_wconf 82' lang='grc'><strong>394,</strong></span> <span class='ocrx_word' id='word_1_124' title='bbox 542 1851 566 1940; x_wconf 75' lang='grc' dir='ltr'><em>ἢ</em></span> <span class='ocrx_word' id='word_1_125' title='bbox 593 1856 737 1940; x_wconf 84' lang='grc' dir='ltr'><em>μάλιστα</em></span> <span class='ocrx_word' id='word_1_126' title='bbox 769 1857 965 1942; x_wconf 73' lang='grc' dir='ltr'><em>φιλοσόφως</em></span> <span class='ocrx_word' id='word_1_127' title='bbox 992 1861 1154 1941; x_wconf 79' lang='lat' dir='ltr'>(Homerus</span> <span class='ocrx_word' id='word_1_128' title='bbox 1176 1869 1294 1923; x_wconf 76' lang='lat' dir='ltr'><strong>noctem</strong></span> <span class='ocrx_word' id='word_1_129' title='bbox 1315 1861 1410 1944; x_wconf 76' lang='grc' dir='ltr'><em>θοὴν</em></span> 
     </span>
    </p>

    <p class='ocr_par' dir='ltr' id='par_1_10' title="bbox 239 1965 1406 2052">
     <span class='ocr_line' id='line_1_16' title="bbox 239 1965 1406 2052; baseline 0.002 -20"><span class='ocrx_word' id='word_1_130' title='bbox 239 1983 268 2034; x_wconf 84' lang='lat'><em>15</em></span> <span class='ocrx_word' id='word_1_131' title='bbox 287 1971 368 2048; x_wconf 80' lang='lat' dir='ltr'><strong>dicit)</strong></span> <span class='ocrx_word' id='word_1_132' title='bbox 391 1965 453 2050; x_wconf 77' lang='grc' dir='ltr'><em>τὴν</em></span> <span class='ocrx_word' id='word_1_133' title='bbox 468 1967 632 2050; x_wconf 78' lang='grc' dir='ltr'><em>κωνοειδῆ</em></span> <span class='ocrx_word' id='word_1_134' title='bbox 654 1967 711 2031; x_wconf 81' lang='grc' dir='ltr'><em>καί</em></span> <span class='ocrx_word' id='word_1_135' title='bbox 733 1969 779 2043; x_wconf 82' lang='grc' dir='ltr'><em>είς</em></span> <span class='ocrx_word' id='word_1_136' title='bbox 800 1965 887 2031; x_wconf 75' lang='grc' dir='ltr'><em>θοὸν</em></span> <span class='ocrx_word' id='word_1_137' title='bbox 910 1965 991 2052; x_wconf 85' lang='grc' dir='ltr'><em>ὅπερ</em></span> <span class='ocrx_word' id='word_1_138' title='bbox 1016 1966 1107 2032; x_wconf 79' lang='grc' dir='ltr'><em>ἐστὶν</em></span> <span class='ocrx_word' id='word_1_139' title='bbox 1129 1969 1175 2042; x_wconf 88' lang='grc' dir='ltr'><em>είς</em></span> <span class='ocrx_word' id='word_1_140' title='bbox 1198 1965 1258 2046; x_wconf 81' lang='grc' dir='ltr'><em>ὀξδ</em></span> <span class='ocrx_word' id='word_1_141' title='bbox 1278 1969 1406 2052; x_wconf 82' lang='grc' dir='ltr'><em>λήγου-</em></span> 
     </span>
    </p>

    <p class='ocr_par' dir='ltr' id='par_1_11' title="bbox 286 2074 1410 2169">
     <span class='ocr_line' id='line_1_17' title="bbox 286 2074 1410 2169; baseline 0.004 -29"><span class='ocrx_word' id='word_1_142' title='bbox 286 2095 360 2141; x_wconf 90' lang='grc' dir='ltr'><em>σαν.</em></span> <span class='ocrx_word' id='word_1_143' title='bbox 393 2075 465 2142; x_wconf 78' lang='grc' dir='ltr'><em>ἐπεὶ</em></span> <span class='ocrx_word' id='word_1_144' title='bbox 486 2077 551 2162; x_wconf 84' lang='grc' dir='ltr'><em>γάρ</em></span> <span class='ocrx_word' id='word_1_145' title='bbox 574 2094 680 2169; x_wconf 87' lang='grc' dir='ltr'><em>φασιν</em></span> <span class='ocrx_word' id='word_1_146' title='bbox 702 2074 720 2142; x_wconf 85' lang='grc' dir='ltr'>ὁ</span> <span class='ocrx_word' id='word_1_147' title='bbox 742 2075 894 2162; x_wconf 80' lang='grc' dir='ltr'><em>’φωτίζων</em></span> <span class='ocrx_word' id='word_1_148' title='bbox 914 2076 1008 2161; x_wconf 82' lang='grc' dir='ltr'><em>ἥλιος</em></span> <span class='ocrx_word' id='word_1_149' title='bbox 1029 2081 1149 2160; x_wconf 81' lang='grc' dir='ltr'><em>μείζων</em></span> <span class='ocrx_word' id='word_1_150' title='bbox 1165 2077 1243 2150; x_wconf 84' lang='grc' dir='ltr'><em>-ἐστὶ</em></span> <span class='ocrx_word' id='word_1_151' title='bbox 1258 2083 1317 2162; x_wconf 79' lang='grc' dir='ltr'><em>τῆς</em></span> <span class='ocrx_word' id='word_1_152' title='bbox 1334 2105 1410 2164; x_wconf 90' lang='grc' dir='ltr'><em>φω-</em></span> 
     </span>
    </p>

    <p class='ocr_par' dir='ltr' id='par_1_12' title="bbox 286 2183 1410 2271">
     <span class='ocr_line' id='line_1_18' title="bbox 286 2183 1410 2271; baseline 0.002 -19"><span class='ocrx_word' id='word_1_153' title='bbox 286 2188 455 2271; x_wconf 81' lang='grc' dir='ltr'><em>τιζομένης</em></span> <span class='ocrx_word' id='word_1_154' title='bbox 480 2191 557 2270; x_wconf 74' lang='grc' dir='ltr'><em>γῆς,</em></span> <span class='ocrx_word' id='word_1_155' title='bbox 595 2185 777 2271; x_wconf 79' lang='grc' dir='ltr'><em>κωνοειδής</em></span> <span class='ocrx_word' id='word_1_156' title='bbox 802 2191 931 2270; x_wconf 75' lang='grc' dir='ltr'><em>γίνεται</em></span> <span class='ocrx_word' id='word_1_157' title='bbox 958 2183 978 2271; x_wconf 82' lang='grc' dir='ltr'><strong><em>ἡ</em></strong></span> <span class='ocrx_word' id='word_1_158' title='bbox 1001 2185 1149 2252; x_wconf 79' lang='grc' dir='ltr'><em>αὐτόθεν</em></span> <span class='ocrx_word' id='word_1_159' title='bbox 1171 2188 1249 2252; x_wconf 85' lang='grc' dir='ltr'><em>σκιά</em></span> <span class='ocrx_word' id='word_1_160' title='bbox 1273 2187 1291 2252; x_wconf 84' lang='grc' dir='ltr'><strong>ὅ</strong></span> <span class='ocrx_word' id='word_1_161' title='bbox 1313 2191 1410 2254; x_wconf 68' lang='grc' dir='ltr'><em>ἐστιν</em></span> 
     </span>
    </p>

    <p class='ocr_par' dir='ltr' id='par_1_13' title="bbox 284 2292 1411 2384">
     <span class='ocr_line' id='line_1_19' title="bbox 284 2292 1411 2384; baseline 0.003 -24"><span class='ocrx_word' id='word_1_162' title='bbox 284 2294 306 2380; x_wconf 81' lang='grc' dir='ltr'><em>ἡ</em></span> <span class='ocrx_word' id='word_1_163' title='bbox 329 2297 444 2374; x_wconf 82' lang='grc' dir='ltr'><em>νύξ...</em></span> <span class='ocrx_word' id='word_1_164' title='bbox 478 2292 495 2360; x_wconf 86' lang='grc' dir='ltr'>ὁ</span> <span class='ocrx_word' id='word_1_165' title='bbox 522 2295 564 2360; x_wconf 79' lang='grc' dir='ltr'><em>δέ</em></span> <span class='ocrx_word' id='word_1_166' title='bbox 579 2308 617 2380; x_wconf 82' lang='grc' dir='ltr'><em>’νε</em></span> <span class='ocrx_word' id='word_1_167' title='bbox 638 2297 772 2382; x_wconf 80' lang='grc' dir='ltr'><em>Κράτης</em></span> <span class='ocrx_word' id='word_1_168' title='bbox 800 2296 856 2361; x_wconf 84' lang='grc' dir='ltr'><em>καὶ</em></span> <span class='ocrx_word' id='word_1_169' title='bbox 880 2298 918 2362; x_wconf 86' lang='grc' dir='ltr'><em>ἐν</em></span> <span class='ocrx_word' id='word_1_170' title='bbox 939 2301 980 2382; x_wconf 80' lang='grc' dir='ltr'><em>τῇ</em></span> <span class='ocrx_word' id='word_1_171' title='bbox 1002 2296 1138 2382; x_wconf 80' lang='grc' dir='ltr'><em>τοιαύτη</em></span> <span class='ocrx_word' id='word_1_172' title='bbox 1161 2301 1353 2384; x_wconf 78' lang='grc' dir='ltr'><em>φιλοσοφία</em></span> <span class='ocrx_word' id='word_1_173' title='bbox 1374 2298 1411 2364; x_wconf 87' lang='grc' dir='ltr'><em>τὸ</em></span> 
     </span>
    </p>

    <p class='ocr_par' dir='ltr' id='par_1_14' title="bbox 286 2400 1410 2498">
     <span class='ocr_line' id='line_1_20' title="bbox 286 2400 1410 2498; baseline 0.004 -28"><span class='ocrx_word' id='word_1_174' title='bbox 286 2405 352 2490; x_wconf 75' lang='grc' dir='ltr'><em>θοὴ</em></span> <span class='ocrx_word' id='word_1_175' title='bbox 378 2404 432 2470; x_wconf 80' lang='grc' dir='ltr'><em>ἐπὶ</em></span> <span class='ocrx_word' id='word_1_176' title='bbox 454 2410 585 2498; x_wconf 78' lang='grc' dir='ltr'><em>ταχείας</em></span> <span class='ocrx_word' id='word_1_177' title='bbox 606 2411 726 2491; x_wconf 72' lang='grc' dir='ltr'><em>τίθησιΙ</em></span> <span class='ocrx_word' id='word_1_178' title='bbox 744 2408 850 2490; x_wconf 72' lang='grc' dir='ltr'><em>λέγων</em></span> <span class='ocrx_word' id='word_1_179' title='bbox 872 2403 957 2490; x_wconf 78' lang='grc' dir='ltr'><em>άςὴ</em></span> <span class='ocrx_word' id='word_1_180' title='bbox 981 2404 1041 2485; x_wconf 84' lang='grc' dir='ltr'><em>νδξ</em></span> <span class='ocrx_word' id='word_1_181' title='bbox 1065 2405 1143 2471; x_wconf 84' lang='grc' dir='ltr'><em>σκιά</em></span> <span class='ocrx_word' id='word_1_182' title='bbox 1165 2400 1304 2492; x_wconf 78' lang='grc' dir='ltr'><em>τῆςχῆς</em></span> <span class='ocrx_word' id='word_1_183' title='bbox 1320 2400 1410 2474; x_wconf 84' lang='grc' dir='ltr'><em>οὖσα</em></span> 
     </span>
    </p>

    <p class='ocr_par' dir='ltr' id='par_1_15' title="bbox 236 2509 1409 2605">
     <span class='ocr_line' id='line_1_21' title="bbox 236 2509 1409 2605; baseline 0.006 -29"><span class='ocrx_word' id='word_1_184' title='bbox 236 2525 270 2576; x_wconf 76' lang='lat'><em>20</em></span> <span class='ocrx_word' id='word_1_185' title='bbox 288 2519 447 2600; x_wconf 77' lang='grc' dir='ltr'><em>ίσοταχώς</em></span> <span class='ocrx_word' id='word_1_186' title='bbox 478 2529 619 2582; x_wconf 77' lang='grc' dir='ltr'><em>κινεῖται</em></span> <span class='ocrx_word' id='word_1_187' title='bbox 643 2522 695 2604; x_wconf 22' lang='grc' dir='ltr'><em>,τῷ</em></span> <span class='ocrx_word' id='word_1_188' title='bbox 721 2514 805 2605; x_wconf 78' lang='grc' dir='ltr'><em>ἡλίῳ</em></span> <span class='ocrx_word' id='word_1_189' title='bbox 833 2517 1003 2582; x_wconf 75' lang='grc' dir='ltr'><em>διώκουσα</em></span> <span class='ocrx_word' id='word_1_190' title='bbox 1031 2509 1104 2581; x_wconf 85' lang='grc' dir='ltr'><em>οἷον</em></span> <span class='ocrx_word' id='word_1_191' title='bbox 1127 2516 1182 2582; x_wconf 82' lang='grc' dir='ltr'><em>καὶ</em></span> <span class='ocrx_word' id='word_1_192' title='bbox 1205 2518 1409 2604; x_wconf 79' lang='grc' dir='ltr'><em>διωκομένη.</em></span> 
     </span>
    </p>

    <p class='ocr_par' dir='ltr' id='par_1_16' title="bbox 236 2612 1410 2710">
     <span class='ocr_line' id='line_1_22' title="bbox 236 2627 1410 2710; baseline 0.002 -18"><span class='ocrx_word' id='word_1_193' title='bbox 236 2627 237 2630; x_wconf 57' lang='grc'>’</span> <span class='ocrx_word' id='word_1_194' title='bbox 288 2631 402 2692; x_wconf 82' lang='lat' dir='ltr'>schol.</span> <span class='ocrx_word' id='word_1_195' title='bbox 433 2632 508 2691; x_wconf 86' lang='grc' dir='ltr'><em>οοδ.</em></span> <span class='ocrx_word' id='word_1_196' title='bbox 538 2631 655 2696; x_wconf 81' lang='lat' dir='ltr'>Paris,</span> <span class='ocrx_word' id='word_1_197' title='bbox 685 2632 767 2692; x_wconf 80' lang='lat'>2679</span> <span class='ocrx_word' id='word_1_198' title='bbox 791 2638 826 2692; x_wconf 78' lang='lat' dir='ltr'><em>et</em></span> <span class='ocrx_word' id='word_1_199' title='bbox 848 2631 926 2692; x_wconf 79' lang='lat'>2681</span> <span class='ocrx_word' id='word_1_200' title='bbox 955 2633 1052 2710; x_wconf 85' lang='lat' dir='ltr'><strong>apud</strong></span> <span class='ocrx_word' id='word_1_201' title='bbox 1075 2631 1236 2692; x_wconf 74' lang='lat' dir='ltr'><strong>Cramer.</strong></span> <span class='ocrx_word' id='word_1_202' title='bbox 1260 2651 1313 2692; x_wconf 82' lang='lat' dir='ltr'><em>an.</em></span> <span class='ocrx_word' id='word_1_203' title='bbox 1340 2634 1410 2694; x_wconf 76' lang='lat' dir='ltr'><em>Pa·</em></span> 
     </span>
    </p>

    <p class='ocr_par' dir='ltr' id='par_1_17' title="bbox 287 2741 1409 2820">
     <span class='ocr_line' id='line_1_23' title="bbox 287 2741 1409 2820; baseline 0.001 -18"><span class='ocrx_word' id='word_1_204' title='bbox 287 2744 350 2802; x_wconf 85' lang='lat' dir='ltr'>ris.</span> <span class='ocrx_word' id='word_1_205' title='bbox 374 2743 414 2802; x_wconf 85' lang='lat'><em>111</em></span> <span class='ocrx_word' id='word_1_206' title='bbox 436 2760 464 2820; x_wconf 89' lang='lat' dir='ltr'><em>p.</em></span> <span class='ocrx_word' id='word_1_207' title='bbox 491 2743 528 2804; x_wconf 87' lang='lat'><em>13</em></span> <span class='ocrx_word' id='word_1_208' title='bbox 553 2749 587 2802; x_wconf 80' lang='lat' dir='ltr'><em>et</em></span> <span class='ocrx_word' id='word_1_209' title='bbox 609 2743 649 2804; x_wconf 75' lang='lat'><em>94</em></span> <span class='ocrx_word' id='word_1_210' title='bbox 673 2742 710 2802; x_wconf 91' lang='lat' dir='ltr'><em>ll.</em></span> <span class='ocrx_word' id='word_1_211' title='bbox 735 2741 752 2801; x_wconf 83' lang='lat'><em>1.</em></span> <span class='ocrx_word' id='word_1_212' title='bbox 777 2762 799 2803; x_wconf 88' lang='lat' dir='ltr'><em>s.</em></span> <span class='ocrx_word' id='word_1_213' title='bbox 823 2741 991 2802; x_wconf 71' lang='lat' dir='ltr'><strong>Eustath.</strong></span> <span class='ocrx_word' id='word_1_214' title='bbox 1015 2743 1050 2802; x_wconf 87' lang='lat' dir='ltr'><em>in</em></span> <span class='ocrx_word' id='word_1_215' title='bbox 1072 2741 1111 2802; x_wconf 86' lang='lat'><em>11.</em></span> <span class='ocrx_word' id='word_1_216' title='bbox 1135 2741 1153 2800; x_wconf 94' lang='lat' dir='ltr'><em>l.</em></span> <span class='ocrx_word' id='word_1_217' title='bbox 1178 2761 1201 2801; x_wconf 83' lang='lat' dir='ltr'><em>s.</em></span> <span class='ocrx_word' id='word_1_218' title='bbox 1219 2761 1246 2820; x_wconf 87' lang='lat' dir='ltr'><em>p.</em></span> <span class='ocrx_word' id='word_1_219' title='bbox 1265 2741 1338 2812; x_wconf 76' lang='grc'><strong><em>811,</em></strong></span> <span class='ocrx_word' id='word_1_220' title='bbox 1361 2745 1409 2804; x_wconf 85' lang='grc'><em>17.</em></span> 
     </span>
    </p>

    <p class='ocr_par' dir='ltr' id='par_1_18' title="bbox 371 2846 1411 2932">
     <span class='ocr_line' id='line_1_24' title="bbox 371 2846 1411 2932; baseline 0.002 -20"><span class='ocrx_word' id='word_1_221' title='bbox 371 2853 402 2912; x_wconf 87' lang='grc' dir='ltr'><em>Λ</em></span> <span class='ocrx_word' id='word_1_222' title='bbox 425 2853 465 2913; x_wconf 83' lang='grc'><em>32</em></span> <span class='ocrx_word' id='word_1_223' title='bbox 486 2871 528 2930; x_wconf 85' lang='lat' dir='ltr'><em>sq.</em></span> <span class='ocrx_word' id='word_1_224' title='bbox 571 2846 612 2911; x_wconf 86' lang='grc' dir='ltr'><em>τά</em></span> <span class='ocrx_word' id='word_1_225' title='bbox 640 2846 672 2912; x_wconf 89' lang='grc' dir='ltr'><em>δ’</em></span> <span class='ocrx_word' id='word_1_226' title='bbox 704 2849 823 2932; x_wconf 78' lang='grc' dir='ltr'><em>ἐφεξῆς</em></span> <span class='ocrx_word' id='word_1_227' title='bbox 849 2846 1123 2930; x_wconf 71' lang='grc' dir='ltr'><em>διεξοδικώτερον</em></span> <span class='ocrx_word' id='word_1_228' title='bbox 1151 2849 1292 2931; x_wconf 85' lang='grc' dir='ltr'><em>δηλοῦσι</em></span> <span class='ocrx_word' id='word_1_229' title='bbox 1319 2849 1411 2914; x_wconf 83' lang='grc' dir='ltr'><em>κατά</em></span> 
     </span>
    </p>

    <p class='ocr_par' dir='ltr' id='par_1_19' title="bbox 288 2943 1408 3041">
     <span class='ocr_line' id='line_1_25' title="bbox 288 2943 1408 3041; baseline 0.004 -20"><span class='ocrx_word' id='word_1_230' title='bbox 288 2955 487 3040; x_wconf 72' lang='grc' dir='ltr'><em>διασκευήν,</em></span> <span class='ocrx_word' id='word_1_231' title='bbox 517 2961 587 3033; x_wconf 75' lang='grc' dir='ltr'><em>πως</em></span> <span class='ocrx_word' id='word_1_232' title='bbox 609 2957 665 3022; x_wconf 83' lang='grc' dir='ltr'><em>καλ</em></span> <span class='ocrx_word' id='word_1_233' title='bbox 687 2943 935 3034; x_wconf 87' lang='grc' dir='ltr'><em>πολυδαίδαλος</em></span> <span class='ocrx_word' id='word_1_234' title='bbox 955 2947 999 3041; x_wconf 76' lang='grc' dir='ltr'><em>ἦν</em></span> <span class='ocrx_word' id='word_1_235' title='bbox 1021 2957 1078 3022; x_wconf 80' lang='grc' dir='ltr'><em>καὶ</em></span> <span class='ocrx_word' id='word_1_236' title='bbox 1100 2957 1183 3040; x_wconf 74' lang='grc' dir='ltr'><em>καλή</em></span> <span class='ocrx_word' id='word_1_237' title='bbox 1210 2955 1228 3041; x_wconf 81' lang='grc' dir='ltr'><em>ἡ</em></span> <span class='ocrx_word' id='word_1_238' title='bbox 1251 2957 1408 3035; x_wconf 82' lang='grc' dir='ltr'><em>άσιτίς...</em></span> 
     </span>
    </p>

    <p class='ocr_par' dir='ltr' id='par_1_20' title="bbox 237 3063 1411 3154">
     <span class='ocr_line' id='line_1_26' title="bbox 237 3063 1411 3154; baseline 0.007 -28"><span class='ocrx_word' id='word_1_239' title='bbox 237 3075 270 3126; x_wconf 80' lang='lat'><em>25</em></span> <span class='ocrx_word' id='word_1_240' title='bbox 289 3071 393 3132; x_wconf 82' lang='grc' dir='ltr'><em>ταῦτα</em></span> <span class='ocrx_word' id='word_1_241' title='bbox 415 3068 452 3132; x_wconf 80' lang='grc' dir='ltr'><em>δὲ</em></span> <span class='ocrx_word' id='word_1_242' title='bbox 474 3071 604 3152; x_wconf 76' lang='grc' dir='ltr'><em>μίχνημα</em></span> <span class='ocrx_word' id='word_1_243' title='bbox 625 3071 686 3132; x_wconf 86' lang='grc' dir='ltr'><em>τοῦ</em></span> <span class='ocrx_word' id='word_1_244' title='bbox 708 3068 837 3152; x_wconf 89' lang='grc' dir='ltr'><em>κόσμου</em></span> <span class='ocrx_word' id='word_1_245' title='bbox 861 3063 951 3142; x_wconf 79' lang='grc' dir='ltr'><em>εἶναί</em></span> <span class='ocrx_word' id='word_1_246' title='bbox 969 3085 1075 3152; x_wconf 90' lang='grc' dir='ltr'><em>φασιν</em></span> <span class='ocrx_word' id='word_1_247' title='bbox 1097 3069 1133 3132; x_wconf 88' lang='grc' dir='ltr'><em>οί</em></span> <span class='ocrx_word' id='word_1_248' title='bbox 1145 3065 1411 3154; x_wconf 82' lang='grc' dir='ltr'><em>περὶτδνΚρά-</em></span> 
     </span>
    </p>

    <p class='ocr_par' dir='ltr' id='par_1_21' title="bbox 288 3170 1410 3263">
     <span class='ocr_line' id='line_1_27' title="bbox 288 3170 1410 3263; baseline 0.002 -21"><span class='ocrx_word' id='word_1_249' title='bbox 288 3201 378 3262; x_wconf 87' lang='grc' dir='ltr'><em>τητα.</em></span> <span class='ocrx_word' id='word_1_250' title='bbox 413 3175 467 3241; x_wconf 88' lang='grc' dir='ltr'><em>διὸ</em></span> <span class='ocrx_word' id='word_1_251' title='bbox 490 3179 793 3261; x_wconf 83' lang='grc' dir='ltr'><em>,,πολυδαίδαλός“</em></span> <span class='ocrx_word' id='word_1_252' title='bbox 816 3203 851 3243; x_wconf 84' lang='grc' dir='ltr'><em>τε</em></span> <span class='ocrx_word' id='word_1_253' title='bbox 875 3170 1002 3262; x_wconf 80' lang='grc' dir='ltr'><em>εἴρηται</em></span> <span class='ocrx_word' id='word_1_254' title='bbox 1025 3175 1081 3242; x_wconf 83' lang='grc' dir='ltr'><em>διά</em></span> <span class='ocrx_word' id='word_1_255' title='bbox 1103 3175 1165 3262; x_wconf 79' lang='grc' dir='ltr'><em>τήν</em></span> <span class='ocrx_word' id='word_1_256' title='bbox 1187 3181 1256 3242; x_wconf 75' lang='grc' dir='ltr'><em>τοῖν</em></span> <span class='ocrx_word' id='word_1_257' title='bbox 1287 3197 1410 3263; x_wconf 84' lang='grc' dir='ltr'><em>κοσμι-</em></span> 
     </span>
    </p>

    <p class='ocr_par' dir='ltr' id='par_1_22' title="bbox 276 3286 1409 3374">
     <span class='ocr_line' id='line_1_28' title="bbox 276 3286 1409 3374; baseline 0.002 -22"><span class='ocrx_word' id='word_1_258' title='bbox 276 3291 359 3352; x_wconf 80' lang='grc' dir='ltr'><em>’κων</em></span> <span class='ocrx_word' id='word_1_259' title='bbox 382 3289 482 3352; x_wconf 79' lang='grc' dir='ltr'><em>είδῶυ</em></span> <span class='ocrx_word' id='word_1_260' title='bbox 504 3291 675 3352; x_wconf 84' lang='grc' dir='ltr'><em>ποικιλίαν</em></span> <span class='ocrx_word' id='word_1_261' title='bbox 697 3288 753 3352; x_wconf 84' lang='grc' dir='ltr'><em>καλ</em></span> <span class='ocrx_word' id='word_1_262' title='bbox 775 3286 925 3372; x_wconf 69' lang='grc' dir='ltr'><em>τὴντῶν,</em></span> <span class='ocrx_word' id='word_1_263' title='bbox 939 3289 1072 3374; x_wconf 89' lang='grc' dir='ltr'><em>χρόνων</em></span> <span class='ocrx_word' id='word_1_264' title='bbox 1091 3287 1147 3352; x_wconf 82' lang='grc' dir='ltr'><em>καί</em></span> <span class='ocrx_word' id='word_1_265' title='bbox 1162 3291 1230 3352; x_wconf 75' lang='grc' dir='ltr'><em>τοῖν</em></span> <span class='ocrx_word' id='word_1_266' title='bbox 1247 3294 1409 3374; x_wconf 73' lang='grc' dir='ltr'><em>σφαιρῶν</em></span> 
     </span>
    </p>

    <p class='ocr_par' dir='ltr' id='par_1_23' title="bbox 288 3396 1415 3484">
     <span class='ocr_line' id='line_1_29' title="bbox 288 3396 1415 3484; baseline 0 -20"><span class='ocrx_word' id='word_1_267' title='bbox 288 3397 344 3464; x_wconf 81' lang='grc' dir='ltr'><em>καὶ</em></span> <span class='ocrx_word' id='word_1_268' title='bbox 367 3396 617 3483; x_wconf 79' lang='grc' dir='ltr'><em>,,άμφιβρότη“</em></span> <span class='ocrx_word' id='word_1_269' title='bbox 639 3398 695 3480; x_wconf 75' lang='grc' dir='ltr'><em>δὲ,</em></span> <span class='ocrx_word' id='word_1_270' title='bbox 734 3397 806 3462; x_wconf 81' lang='grc' dir='ltr'><em>ἐπεὶ</em></span> <span class='ocrx_word' id='word_1_271' title='bbox 834 3397 912 3474; x_wconf 81' lang='grc' dir='ltr'><em>τούς</em></span> <span class='ocrx_word' id='word_1_272' title='bbox 938 3397 1081 3484; x_wconf 83' lang='grc' dir='ltr'><em>βροτούς</em></span> <span class='ocrx_word' id='word_1_273' title='bbox 1103 3401 1329 3482; x_wconf 82' lang='grc' dir='ltr'><em>περιείληφεν.</em></span> <span class='ocrx_word' id='word_1_274' title='bbox 1380 3401 1415 3464; x_wconf 84' lang='grc' dir='ltr'><em>οί</em></span> 
     </span>
    </p>

    <p class='ocr_par' dir='ltr' id='par_1_24' title="bbox 289 3505 1410 3594">
     <span class='ocr_line' id='line_1_30' title="bbox 289 3505 1410 3594; baseline 0 -20"><span class='ocrx_word' id='word_1_275' title='bbox 289 3510 326 3576; x_wconf 77' lang='grc' dir='ltr'><em>δὲ</em></span> <span class='ocrx_word' id='word_1_276' title='bbox 358 3507 476 3574; x_wconf 89' lang='grc' dir='ltr'><em>κύκλοι</em></span> <span class='ocrx_word' id='word_1_277' title='bbox 504 3509 648 3593; x_wconf 83' lang='grc' dir='ltr'><em>δηλοῦσί</em></span> <span class='ocrx_word' id='word_1_278' title='bbox 666 3532 701 3573; x_wconf 90' lang='grc' dir='ltr'><em>τε</em></span> <span class='ocrx_word' id='word_1_279' title='bbox 724 3506 803 3584; x_wconf 81' lang='grc' dir='ltr'><em>τοὺς</em></span> <span class='ocrx_word' id='word_1_280' title='bbox 824 3508 1060 3594; x_wconf 69' lang='grc' dir='ltr'><em>παραλλήλους</em></span> <span class='ocrx_word' id='word_1_281' title='bbox 1081 3506 1141 3574; x_wconf 84' lang='grc' dir='ltr'><em>τὸν</em></span> <span class='ocrx_word' id='word_1_282' title='bbox 1163 3505 1324 3593; x_wconf 85' lang='grc' dir='ltr'><em>άρκτικόν</em></span> <span class='ocrx_word' id='word_1_283' title='bbox 1350 3508 1410 3574; x_wconf 88' lang='grc' dir='ltr'><em>τὸν</em></span> 
     </span>
    </p>

    <p class='ocr_par' dir='ltr' id='par_1_25' title="bbox 238 3613 1411 3706">
     <span class='ocr_line' id='line_1_31' title="bbox 238 3613 1411 3706; baseline -0.001 -22"><span class='ocrx_word' id='word_1_284' title='bbox 238 3626 271 3677; x_wconf 87' lang='grc'><em>30</em></span> <span class='ocrx_word' id='word_1_285' title='bbox 288 3618 430 3706; x_wconf 74' lang='grc' dir='ltr'><em>θερινὸν</em></span> <span class='ocrx_word' id='word_1_286' title='bbox 457 3617 620 3705; x_wconf 89' lang='grc' dir='ltr'><em>τροπικδν</em></span> <span class='ocrx_word' id='word_1_287' title='bbox 646 3617 928 3704; x_wconf 75' lang='grc' dir='ltr'><em>τδνίσημερινδν</em></span> <span class='ocrx_word' id='word_1_288' title='bbox 950 3613 1010 3686; x_wconf 78' lang='grc' dir='ltr'><em>τ’δυ</em></span> <span class='ocrx_word' id='word_1_289' title='bbox 1031 3615 1222 3704; x_wconf 71' lang='grc' dir='ltr'><em>χειμερινὸν</em></span> <span class='ocrx_word' id='word_1_290' title='bbox 1243 3618 1411 3700; x_wconf 85' lang='grc' dir='ltr'><em>τροπικὸν</em></span> 
     </span>
    </p>

    <p class='ocr_par' dir='ltr' id='par_1_26' title="bbox 290 3723 1411 3815">
     <span class='ocr_line' id='line_1_32' title="bbox 290 3723 1411 3815; baseline -0.002 -21"><span class='ocrx_word' id='word_1_291' title='bbox 290 3727 427 3794; x_wconf 82' lang='grc' dir='ltr'><em>καὶτὸν</em></span> <span class='ocrx_word' id='word_1_292' title='bbox 454 3727 677 3814; x_wconf 79' lang='grc' dir='ltr'><em>ἀνταρκτικὸν</em></span> <span class='ocrx_word' id='word_1_293' title='bbox 706 3729 762 3793; x_wconf 81' lang='grc' dir='ltr'><em>καὶ</em></span> <span class='ocrx_word' id='word_1_294' title='bbox 790 3723 868 3806; x_wconf 72' lang='grc' dir='ltr'><em>τὀδς</em></span> <span class='ocrx_word' id='word_1_295' title='bbox 896 3727 1191 3815; x_wconf 79' lang='grc' dir='ltr'><em>άυακεκραμὲνους</em></span> <span class='ocrx_word' id='word_1_296' title='bbox 1220 3727 1411 3813; x_wconf 84' lang='grc' dir='ltr'><em>κολοάρους</em></span> 
     </span>
    </p>

    <p class='ocr_par' dir='ltr' id='par_1_27' title="bbox 223 3835 1410 3929">
     <span class='ocr_line' id='line_1_33' title="bbox 223 3835 1410 3929; baseline -0.001 -25"><span class='ocrx_word' id='word_1_297' title='bbox 223 3907 234 3929; x_wconf 36' lang='lat'>⁶</span> <span class='ocrx_word' id='word_1_298' title='bbox 290 3839 346 3904; x_wconf 82' lang='grc' dir='ltr'><em>καὶ</em></span> <span class='ocrx_word' id='word_1_299' title='bbox 375 3836 452 3916; x_wconf 84' lang='grc' dir='ltr'><em>τούς</em></span> <span class='ocrx_word' id='word_1_300' title='bbox 479 3837 542 3902; x_wconf 80' lang='grc' dir='ltr'><em>δύο</em></span> <span class='ocrx_word' id='word_1_301' title='bbox 571 3835 688 3916; x_wconf 78' lang='grc' dir='ltr'><em>λοξοὺς</em></span> <span class='ocrx_word' id='word_1_302' title='bbox 709 3837 770 3904; x_wconf 88' lang='grc' dir='ltr'><em>τὸν</em></span> <span class='ocrx_word' id='word_1_303' title='bbox 790 3840 953 3923; x_wconf 78' lang='grc' dir='ltr'><em>γαλαξίαν</em></span> <span class='ocrx_word' id='word_1_304' title='bbox 975 3837 1102 3923; x_wconf 74' lang='grc' dir='ltr'><em>δηλαδὴ</em></span> <span class='ocrx_word' id='word_1_305' title='bbox 1127 3837 1264 3904; x_wconf 79' lang='grc' dir='ltr'><em>καὶτὸν</em></span> <span class='ocrx_word' id='word_1_306' title='bbox 1287 3839 1410 3918; x_wconf 84' lang='grc' dir='ltr'><em>ζωδια-</em></span> 
     </span>
    </p>
   </div>
   <div class='ocr_carea' id='block_1_3' title="bbox 288 3964 524 3978">
    <p class='ocr_par' dir='ltr' id='par_1_28' title="bbox 288 3964 524 3978">
     <span class='ocr_line' id='line_1_34' title="bbox 288 3964 524 3978; baseline -0.004 0"><span class='ocrx_word' id='word_1_307' title='bbox 288 3964 524 3978; x_wconf 73' lang='lat'><strong>-————-——&#39;</strong></span> 
     </span>
    </p>
   </div>
   <div class='ocr_carea' id='block_1_4' title="bbox 289 4027 1411 4232">
    <p class='ocr_par' dir='ltr' id='par_1_29' title="bbox 289 4027 1411 4232">
     <span class='ocr_line' id='line_1_35' title="bbox 355 4027 1410 4131; baseline -0.003 -13"><span class='ocrx_word' id='word_1_308' title='bbox 355 4068 381 4118; x_wconf 82' lang='grc' dir='ltr'><em>υ.</em></span> <span class='ocrx_word' id='word_1_309' title='bbox 397 4071 411 4116; x_wconf 96' lang='grc'><strong><em>1</em></strong></span> <span class='ocrx_word' id='word_1_310' title='bbox 430 4027 531 4129; x_wconf 72' lang='grc' dir='ltr'><em>Κράῦ</em></span> <span class='ocrx_word' id='word_1_311' title='bbox 571 4061 713 4128; x_wconf 81' lang='grc' dir='ltr'><em>Κρατῖνος</em></span> <span class='ocrx_word' id='word_1_312' title='bbox 731 4065 754 4112; x_wconf 81' lang='lat' dir='ltr'><strong>V</strong></span> <span class='ocrx_word' id='word_1_313' title='bbox 769 4059 782 4131; x_wconf 77' lang='lat' dir='ltr'>fl</span> <span class='ocrx_word' id='word_1_314' title='bbox 797 4057 872 4128; x_wconf 85' lang='grc' dir='ltr'><em>παρὰ</em></span> <span class='ocrx_word' id='word_1_315' title='bbox 890 4061 940 4115; x_wconf 85' lang='grc' dir='ltr'><em>καὶ</em></span> <span class='ocrx_word' id='word_1_316' title='bbox 958 4053 1121 4129; x_wconf 84' lang='grc' dir='ltr'><em>άφάρτερος</em></span> <span class='ocrx_word' id='word_1_317' title='bbox 1140 4079 1191 4113; x_wconf 87' lang='lat' dir='ltr'><em>om.</em></span> <span class='ocrx_word' id='word_1_318' title='bbox 1210 4061 1276 4112; x_wconf 87' lang='lat' dir='ltr'><strong>libri</strong></span> <span class='ocrx_word' id='word_1_319' title='bbox 1293 4069 1410 4128; x_wconf 78' lang='lat' dir='ltr'><strong>praeter</strong></span> 
     </span>
     <span class='ocr_line' id='line_1_36' title="bbox 289 4139 1411 4232; baseline -0.004 -29"><span class='ocrx_word' id='word_1_320' title='bbox 289 4149 334 4220; x_wconf 67' lang='lat' dir='ltr'><em>VH</em></span> <span class='ocrx_word' id='word_1_321' title='bbox 347 4171 370 4202; x_wconf 91' lang='grc' dir='ltr'><em>υ.</em></span> <span class='ocrx_word' id='word_1_322' title='bbox 385 4155 399 4202; x_wconf 79' lang='grc' dir='ltr'><em>ί</em></span> <span class='ocrx_word' id='word_1_323' title='bbox 417 4145 586 4232; x_wconf 58' lang='grc' dir='ltr'><em>Μηριόχιους</em></span> <span class='ocrx_word' id='word_1_324' title='bbox 604 4149 703 4214; x_wconf 81' lang='lat' dir='ltr'><strong>scripsi</strong></span> <span class='ocrx_word' id='word_1_325' title='bbox 715 4165 764 4213; x_wconf 86' lang='lat' dir='ltr'><em>pro</em></span> <span class='ocrx_word' id='word_1_326' title='bbox 776 4141 909 4214; x_wconf 73' lang='grc' dir='ltr'><em>Μέχητος</em></span> <span class='ocrx_word' id='word_1_327' title='bbox 921 4145 934 4216; x_wconf 81' lang='lat' dir='ltr'><em>{l</em></span> <span class='ocrx_word' id='word_1_328' title='bbox 945 4167 969 4198; x_wconf 84' lang='lat' dir='ltr'><em>u.</em></span> <span class='ocrx_word' id='word_1_329' title='bbox 984 4152 1017 4198; x_wconf 80' lang='lat'><em>15</em></span> <span class='ocrx_word' id='word_1_330' title='bbox 1028 4165 1077 4212; x_wconf 85' lang='lat' dir='ltr'><em>pro</em></span> <span class='ocrx_word' id='word_1_331' title='bbox 1091 4139 1160 4211; x_wconf 81' lang='grc' dir='ltr'><em>ὅπερ</em></span> <span class='ocrx_word' id='word_1_332' title='bbox 1175 4139 1250 4197; x_wconf 72' lang='grc' dir='ltr'><em>ἔστὶν</em></span> <span class='ocrx_word' id='word_1_333' title='bbox 1263 4147 1327 4198; x_wconf 85' lang='lat' dir='ltr'><strong>Par.</strong></span> <span class='ocrx_word' id='word_1_334' title='bbox 1340 4149 1411 4199; x_wconf 80' lang='lat'>2679</span> 
     </span>
    </p>
   </div>
   <div class='ocr_carea' id='block_1_5' title="bbox 289 4226 1402 4388">
    <p class='ocr_par' dir='ltr' id='par_1_30' title="bbox 289 4226 1402 4388">
     <span class='ocr_line' id='line_1_37' title="bbox 289 4226 1402 4305; baseline -0.004 -18"><span class='ocrx_word' id='word_1_335' title='bbox 289 4229 352 4302; x_wconf 81' lang='grc' dir='ltr'><em>ἤτοι</em></span> <span class='ocrx_word' id='word_1_336' title='bbox 363 4233 377 4305; x_wconf 77' lang='lat' dir='ltr'><strong>H</strong></span> <span class='ocrx_word' id='word_1_337' title='bbox 387 4255 411 4286; x_wconf 86' lang='grc' dir='ltr'><em>υ.</em></span> <span class='ocrx_word' id='word_1_338' title='bbox 426 4241 458 4286; x_wconf 84' lang='grc'><em>17</em></span> <span class='ocrx_word' id='word_1_339' title='bbox 475 4226 631 4300; x_wconf 81' lang='grc' dir='ltr'><em>κωνοειδὴς</em></span> <span class='ocrx_word' id='word_1_340' title='bbox 642 4229 655 4300; x_wconf 80' lang='lat' dir='ltr'><em>{l</em></span> <span class='ocrx_word' id='word_1_341' title='bbox 665 4251 688 4282; x_wconf 89' lang='grc' dir='ltr'><em>υ.</em></span> <span class='ocrx_word' id='word_1_342' title='bbox 704 4236 736 4283; x_wconf 83' lang='grc'><em>18</em></span> <span class='ocrx_word' id='word_1_343' title='bbox 755 4227 806 4294; x_wconf 79' lang='grc' dir='ltr'><em>νάξ</em></span> <span class='ocrx_word' id='word_1_344' title='bbox 820 4248 871 4282; x_wconf 88' lang='lat' dir='ltr'><em>om.</em></span> <span class='ocrx_word' id='word_1_345' title='bbox 885 4235 948 4284; x_wconf 80' lang='lat' dir='ltr'><strong>Par.</strong></span> <span class='ocrx_word' id='word_1_346' title='bbox 963 4231 1028 4282; x_wconf 78' lang='lat'>2681</span> <span class='ocrx_word' id='word_1_347' title='bbox 1041 4228 1053 4298; x_wconf 75' lang='grc' dir='ltr'><strong>Η</strong></span> <span class='ocrx_word' id='word_1_348' title='bbox 1065 4250 1088 4282; x_wconf 86' lang='grc' dir='ltr'><em>α.</em></span> <span class='ocrx_word' id='word_1_349' title='bbox 1103 4236 1135 4282; x_wconf 80' lang='lat'><em>19</em></span> <span class='ocrx_word' id='word_1_350' title='bbox 1153 4230 1212 4297; x_wconf 78' lang='grc' dir='ltr'><em>θοῇ</em></span> <span class='ocrx_word' id='word_1_351' title='bbox 1230 4232 1293 4280; x_wconf 84' lang='lat' dir='ltr'><strong>Par.</strong></span> <span class='ocrx_word' id='word_1_352' title='bbox 1307 4231 1378 4283; x_wconf 77' lang='lat'>2670</span> <span class='ocrx_word' id='word_1_353' title='bbox 1389 4230 1402 4300; x_wconf 77' lang='lat' dir='ltr'>H</span> 
     </span>
     <span class='ocr_line' id='line_1_38' title="bbox 290 4306 1333 4388; baseline -0.009 -13"><span class='ocrx_word' id='word_1_354' title='bbox 290 4317 356 4374; x_wconf 88' lang='grc' dir='ltr'><em>σκιά</em></span> <span class='ocrx_word' id='word_1_355' title='bbox 374 4338 416 4382; x_wconf 84' lang='grc' dir='ltr'><em>τις</em></span> <span class='ocrx_word' id='word_1_356' title='bbox 435 4306 506 4372; x_wconf 80' lang='grc' dir='ltr'><em>οὖσα</em></span> <span class='ocrx_word' id='word_1_357' title='bbox 524 4321 586 4370; x_wconf 84' lang='lat' dir='ltr'><strong>Par.</strong></span> <span class='ocrx_word' id='word_1_358' title='bbox 605 4317 669 4368; x_wconf 78' lang='lat'>2681</span> <span class='ocrx_word' id='word_1_359' title='bbox 683 4313 696 4388; x_wconf 72' lang='lat' dir='ltr'>ss</span> <span class='ocrx_word' id='word_1_360' title='bbox 708 4336 731 4367; x_wconf 88' lang='grc' dir='ltr'><em>κ.</em></span> <span class='ocrx_word' id='word_1_361' title='bbox 743 4322 777 4367; x_wconf 82' lang='lat'><em>27</em></span> <span class='ocrx_word' id='word_1_362' title='bbox 795 4317 925 4385; x_wconf 72' lang='grc' dir='ltr'><em>σφαιρῶν</em></span> <span class='ocrx_word' id='word_1_363' title='bbox 945 4318 1015 4369; x_wconf 83' lang='lat' dir='ltr'>coni.</span> <span class='ocrx_word' id='word_1_364' title='bbox 1034 4317 1140 4368; x_wconf 75' lang='lat' dir='ltr'>Vsener</span> <span class='ocrx_word' id='word_1_365' title='bbox 1158 4313 1333 4382; x_wconf 72' lang='grc' dir='ltr'><em>ρτοααιρών</em></span> 
     </span>
    </p>
   </div>
   <div class='ocr_carea' id='block_1_6' title="bbox 0 0 1483 5084">
    <p class='ocr_par' dir='ltr' id='par_1_31' title="bbox 0 0 1483 5084">
     <span class='ocr_line' id='line_1_39' title="bbox 0 0 1483 5084; baseline 0 0"><span class='ocrx_word' id='word_1_366' title='bbox 0 0 1483 5084; x_wconf 95' lang='lat' dir='ltr'><em> </em></span> 
     </span>
    </p>
   </div>
  </div>
 </body>
</html>
