2950 5084
667 161 680 190 Ι

565 245 717 334 ,21-

79 427 241 488 Aristarchi
268 427 317 506 qui
340 428 493 502 castigauit
516 427 697 505 Cratetisque
718 427 837 488 nonnae
858 459 915 496 --,
948 425 1026 487 haud
1050 429 1199 506 improba·

79 537 179 623 biliter
199 539 229 597 ni
251 536 336 598 fallor
359 539 447 598 animi
469 540 632 616 suspicatus
651 507 733 607 sum,
761 555 848 615 posse
866 537 934 598 inda
959 537 1067 615 colligi,
1097 538 1198 602 Crate-

80 655 141 710 tem
160 648 329 726 ubieunque
351 658 499 708 seruasset
512 647 659 724 uolgatam
681 653 710 708 et
726 647 762 706 ah
784 647 955 708 Aristarcho
972 647 1198 726 obinaeqnabi·

79 759 192 820 litatem
213 756 363 835 explosam
382 757 537 818 lectionem
553 777 641 838 saepe
664 757 836 818 obsecutum
861 775 925 818 esse
939 757 1136 838 Zenodoto¹);
1156 760 1198 820 'de

80 868 231 930 Zenodoto
255 869 332 928 onim
361 885 484 944 prorsus
507 868 656 928 adsentior
686 867 817 928 Nauckio
839 867 986 946 Aristoph.
1010 869 1078 948 Byz.
1103 887 1132 947 p.
1157 870 1197 932 56

79 997 109 1038 n.
135 981 190 1047 75,
215 979 297 1038 cuius
320 979 492 1039 sententiam
511 978 589 1038 haud
613 979 714 1056 paucis
733 976 873 1056 exemplis
894 977 990 1038 fnlciri
1012 997 1098 1056 posse
1119 979 1197 1042 arbi-

81 1095 153 1156 tror,
182 1088 234 1147 sed
262 1105 342 1147 nunc
366 1089 449 1146 mitto
477 1088 553 1148 hanc
582 1105 700 1166 quoqne
723 1090 923 1166 quaestionem
946 1107 1013 1150 cum
1037 1089 1127 1150 altera
1149 1089 1197 1152 illa

79 1216 168 1276 quam
197 1215 286 1275 supra
317 1199 548 1260 commemoraui
576 1200 711 1276 proximo
738 1199 960 1260 necessitudinis
983 1199 1103 1260 uinculo
1128 1219 1197 1260 con

81 1310 232 1368 sociatam.
316 1371 329 1390 ,

165 1417 304 1498 Similiter
336 1435 407 1478 uero
422 1418 460 1476 in
482 1417 676 1497 Aristophane
704 1419 858 1478 tractando
881 1417 1025 1480 Cretatam
1048 1427 1198 1482 uersatum

78 1547 143 1590 esso
165 1528 303 1589 discimus
322 1547 357 1588 ex
380 1527 471 1604 irg.7
495 1529 558 1588 eius
580 1523 656 1607 περὶ
674 1523 821 1607 Ἀττικῆς
840 1525 1017 1590 διαλέκτου
1038 1529 1115 1600 libri,
1139 1549 1197 1609 quo

77 1645 218 1700 narratur
234 1639 263 1698 in
279 1640 369 1716 equit.
388 1658 416 1698 n.
435 1637 489 1698 631
517 1637 644 1699 σίναπυ
667 1638 827 1717 reliquisse.
839 1657 944 1700 nocem
960 1641 1093 1718 quamuis
1109 1641 1196 1701 Athe·

77 1748 231 1810 niensibus
259 1767 377 1825 semper
403 1747 494 1810 ννῖπυ
516 1746 652 1828 locutis²)
678 1748 855 1809 inauditam
893 1748 1007 1810 Pariter
1032 1750 1197 1814 Herodicus

76 1857 272 1920 Aristarcheis
298 1852 335 1917 τὸ
356 1849 495 1938 μ1νήὸὲ
518 1851 556 1917 τὸ
577 1857 745 1920 νίνυιααυ
768 1877 832 1920 esse
853 1859 964 1920 iactans
979 1859 1122 1936 signifieat
1138 1860 1198 1938 μίν

78 1970 206 2028 sormam
227 1968 264 2028 ab
285 1969 326 2030 eis
348 1967 440 2028 solam
462 1971 494 2028 in
513 1967 641 2029 Homero
664 1969 719 2030 νίν
740 1968 831 2028 solam
850 1970 882 2028 tn
906 1970 1023 2046 tragicis
1042 1977 1197 2049 utramque

74 2081 107 2140 in
129 2079 256 2140 Pindaro
278 2097 447 2138 concessam
469 2081 667 2156 promiscuea
690 2079 832 2140 Crateteis
854 2079 998 2140 adhibitas
1021 2098 1095 2140 esse.
1119 2081 1196 2142 indi·

76 2190 146 2250 dem
170 2195 319 2267 postremo
339 2189 434 2267 ahqna
454 2196 534 2250 certe
557 2209 592 2250 ex
609 2196 692 2267 parte
714 2179 831 2267 repetas
850 2189 929 2269 quod
945 2189 1111 2250 Zenodotns
1126 2190 1196 2250 Mat-

75 2299 154 2360 lotes
174 2305 202 2358 et
225 2299 390 2360 Demetrius
412 2299 493 2365 Ixion
515 2293 874 2384 Aristarchiddecq'osee
892 2299 998 2360 acerbe
1020 2300 1196 2371 rebitarnnt,

76 2417 107 2470 et
124 2410 251 2470 Cratetei
272 2408 430 2470 nonnullos
459 2409 495 2470 ah
517 2410 719 2470 Alexandrinis
746 2409 884 2488 expulsos
907 2428 1011 2473 uersus
1031 2411 1094 2470 tuiti
1118 2417 1195 2482 suut,

76 2519 171 2581 ueluti
190 2519 291 2580 Crates
322 2537 437 2582 versum
465 2527 532 2598 post
551 2517 582 2590 Ξ
601 2521 662 2582 246
689 2520 858 2598 ponendum
887 2519 934 2598 (ci.
959 2520 1025 2601 hg.)
1049 2541 1084 2582 ac
1103 2521 1196 2582 Zeno-

75 2631 166 2690 dotns
190 2630 224 2690 N
247 2630 302 2688 731
331 2630 376 2709 (ci.
399 2630 490 2690 schol.
514 2637 540 2690 et
565 2629 695 2690 Eusthat.
720 2648 749 2707 p.
771 2631 849 2698 975,
875 2630 939 2709 10);
980 2650 1014 2691 ex
1045 2631 1196 2692 codicibus

75 2742 157 2802 enim
184 2739 238 2800 hos
267 2739 304 2800 ab
328 2741 369 2800 eis
398 2747 534 2818 receptos
563 2758 627 2800 esse
655 2759 750 2818 neque
777 2739 963 2818 impudenter
992 2740 1106 2800 effictos
1127 2759 1195 2802 oen-

74 2870 139 2910 seo.
190 2850 323 2930 Namque
347 2850 383 2910 ah
406 2851 575 2910 Aristarcho
602 2868 653 2910 eos
684 2869 802 2929 qnoque
833 2867 937 2912 uersus
967 2857 1080 2912 constat
1109 2849 1195 2910 obelo
1248 2830 1251 2835 ’

75 2981 149 3038 νεαρ,
165 2967 280 3020 notatos
300 2962 330 3020 in
353 2961 458 3039 quihus
480 2979 578 3021 sermo
601 2981 616 3022 a
640 2961 852 3022 consuetudine
874 2968 977 3038 poetae
997 2961 1194 3038 discreparet;

75 3079 206 3132 attamen
235 3070 311 3132 benc
339 3072 400 3131 scio
428 3072 601 3132 accessisse·
616 3071 675 3132 hnc
701 3073 829 3148 ineptam
854 3071 1001 3150 quandam
1027 3089 1129 3136 curam
1158 3089 1195 3132 ne

75 3181 148 3261 quid
170 3181 338 3242 membrum
357 3181 562 3242 detraheretur
584 3188 772 3242 sacrosancto
790 3182 910 3242 Homeri
933 3178 1090 3261 corpori³);

164 3292 187 3352 Ε
214 3293 362 3351 contrario
394 3279 615 3369 interpretando
645 3311 676 3352 se
706 3298 801 3350 totum
826 3291 926 3351 Crates
955 3291 1034 3352 dedit
1054 3291 1193 3361 Homero,

75 3403 218 3480 qnoniam
247 3408 352 3479 poetae
379 3420 439 3460 non
468 3401 686 3481 ψυχαγωγίαν
713 3407 827 3461 tantum
852 3421 916 3462 esse
944 3402 1038 3462 uoluit
1063 3403 1115 3462 sed
1142 3399 1195 3461 do-

75 3509 266 3573 δασκαλίαν
297 3514 383 3572 etiarn
410 3511 570 3574 stoicorum
601 3530 725 3592 prorsus
753 3520 871 3574 secutus
901 3497 1059 3590 eremplar.
1105 3512 1194 3572 Stoici
1219 3489 1224 3499 ⁸

74 3645 314 3660 -—--——·d—·—

166 3716 189 3780 1)
213 3716 405 3766 Alienissimas
428 3714 456 3763 in
478 3719 572 3779 partes
596 3715 726 3764 discessit
748 3715 791 3764 W.
815 3713 941 3764 Ribbeck
966 3716 1072 3778 quaest.
1092 3713 1193 3762 Zenod.

74 3820 101 3866 p.
125 3801 156 3850 12
175 3807 202 3850 et
220 3801 249 3850 in
265 3800 357 3850 Iahnii
375 3798 467 3848 annal.
486 3796 527 3860 66,
547 3815 573 3864 p.
596 3797 634 3848 15.

161 3885 188 3948 2)
209 3885 251 3934 cf.
271 3884 386 3934 Lobeck
404 3885 552 3949 Phrynioh.
571 3902 597 3950 p.
616 3882 675 3933 288.

163 3968 189 4030 3)
214 3968 344 4019 Ceterum
366 3983 401 4018 ne
424 3969 504 4034 putes¹
527 3985 570 4018 me
601 3985 633 4019 ex
662 3968 837 4033 paucissimis
861 3983 931 4033 quae
959 3971 1056 4016 extant
1082 3968 1193 4016 indiciis

76 4054 212 4106 audacius
231 4055 390 4120 uniuersum
408 4053 543 4117 quoddam
562 4053 671 4103 duxisse
690 4052 835 4116 iudicium,
855 4052 925 4104 addo
943 4052 1016 4100 idem
1033 4066 1114 4116 posse
1133 4067 1193 4116 per-

75 4140 148 4205 spici
162 4139 191 4188 in
204 4137 351 4198 Crateteis,
373 4153 486 4202 quorum
504 4141 532 4187 et
549 4138 703 4188 Herodicus
722 4136 753 4186 N
763 4135 796 4186 29
808 4140 836 4186 et
848 4136 1005 4186 Demetrius
1018 4134 1096 4182 Ixion
1109 4134 1131 4182 A
1144 4133 1193 4183 513

74 4227 197 4275 Homero
215 4223 367 4272 intulerunt
386 4238 464 4287 quem
484 4223 509 4272 ei
527 4222 649 4288 ignotum
674 4237 733 4272 esse
757 4221 876 4271 credidit
892 4217 1068 4270 Aristarchus
1092 4219 1193 4268 artico·
1302 4287 1304 4292 Ι

76 4309 132 4360 lum
152 4323 313 4373 germanum
332 4306 380 4371 (ci.
399 4307 486 4360 schol.
504 4306 521 4356 1.
542 4306 583 4369 s).
