2950 5084
639 237 674 297 71

583 320 636 327 ..,,.
662 322 666 326 .
684 321 730 328 ...0

13 387 15 474 ἐ
99 413 329 500 άσπαίροντάς
356 437 391 477 τε
419 413 475 478 καὶ
502 410 792 498 άποθνήσκοντας.
835 403 879 496 ἦν
901 411 1036 496 Ιδὲάρα
1063 406 1108 485 ώς
1129 425 1216 492 avfe-

13 501 15 610 λ
96 528 218 609 βαλεῖν
247 519 417 607 ἐμημεκώς
444 523 478 598 ἐς
505 521 567 606 τήν
595 521 706 606 ττημην
728 519 746 586 ὁ
769 522 844 608 ὄφις
866 519 922 586 καὶ
944 521 1089 605 κεράσας
1109 516 1216 602 αὐτὴν

97 637 147 719 τῷ
169 635 220 719 ege.
267 629 285 696 ὁ
311 635 374 716 μὲν
402 623 465 697 οὖν
492 631 588 708 άετδς
615 636 662 718 τῷ
689 632 835 696 σώσαντι
858 629 1007 715 ἰσότιμον
1029 634 1087 713 τῆς
1108 625 1216 712 σωτηέ

98 748 175 826 ρίας
196 739 348 807 ἀπέδωκε
370 739 430 806 τὸν
451 741 587 826 μισθόν.
618 743 717 826 Λέμει
739 742 776 807 δὲ
800 740 933 827 Κράτης
956 737 973 806 ὁ
995 735 1228 825 Περγαμηνὸς

99 849 186 936 ὑπὲρ
219 850 349 916 τούτων
381 851 438 916 καλ
470 851 763 936 τόνΣτησίχορον
785 847 881 938 ᾄδειν
909 855 946 916 έν
968 874 1034 914 τινι
1056 847 1247 933 ποιήματιῠ

99 960 164 1026 οὐκ
197 958 446 1046 ἐκφοιτήσαντί
461 984 528 1026 που
553 965 600 1038 είς
623 961 777 1036 πολλούς.
825 966 1008 1027 Aelianus
1029 966 1071 1026 de
1095 957 1227 1025 σείσω

99 1078 206 1137 anim.
229 1075 307 1136 XVII
331 1077 380 1136 37.

186 1187 205 1246 7
252 1185 349 1246 Musas
372 1233 378 1244 .
402 1232 435 1245 ..
466 1193 532 1246 octo
563 1185 648 1274 (esse)
684 1193 833 1246 asseueret
865 1163 974 1246 C'rateS.
1029 1183 1216 1246 Arnobius

99 1299 179 1358 edu.
202 1302 333 1372 gentes
355 1295 394 1356 ΙΙΙ
418 1315 442 1355 ο.
468 1295 517 1356 37.

188 1407 205 1468 8
243 1381 378 1485 Κράτης
404 1401 441 1465 δὲ
470 1398 536 1467 άπὸ
564 1405 625 1464 τοῦ
646 1402 790 1466 διαίνειν
813 1401 963 1465 τουτέστι
986 1407 1133 1488 πιαίνειν
1155 1397 1217 1483 τήν
1236 1413 1267 1464 10

99 1519 165 1598 νην
187 1511 344 1596 βούλεται
366 1508 600 1594 ὀνομασθῆναι
621 1507 681 1576 τὸν
702 1514 770 1576 Δία
785 1508 845 1575 τδν
860 1513 907 1585 είς
921 1508 1031 1574 πάντα
1046 1508 1215 1594 διήκοντα.

98 1629 120 1688 Ι.
145 1627 268 1706 Lydus
290 1625 333 1685 de
355 1624 548 1686 mensibus
570 1625 622 1686 1111
644 1641 673 1704 p.
698 1623 741 1684 83
761 1623 917 1686 Bekker.

186 1737 205 1796 9
243 1727 260 1794 ὁ
282 1731 319 1794 δὲ
342 1729 476 1814 Κράτης
497 1729 557 1794 τὸν
578 1730 714 1814 Κρόυδν
737 1730 820 1814 φησὶ
842 1715 998 1804 Σικελίας
1014 1727 1069 1792 καλ
1081 1726 1219 1804 Ἰταλίας

100 1842 158 1908 καὶ
186 1843 246 1906 τοῦ
268 1843 428 1904 πλείστου
450 1840 573 1925 μέρους
599 1843 658 1924 τῆς
686 1840 815 1924 Λιβύης
840 1842 1037 1924 βασιλεῦσαι
1070 1835 1217 1921 σἰπηνώς,

99 1951 162 2018 τὸν
184 1951 221 2016 δέ
243 1949 365 2015 τούτου
388 1947 465 2018 νίδν
488 1950 667 2016 ἐπιθέσθαι
689 1953 736 2036 τῷ
758 1949 859 2036 πατρί
882 1952 938 2014 καὶ
961 1946 1064 2013 αὐτὸν
1086 1948 1149 2030 μέν
1172 1948 1218 2022 είς
1237 1963 1268 2012 15
1367 1979 1374 1993 ·

100 2065 242 2146 ἔσχατον
265 2059 381 2124 ε’λάσαι
409 2063 467 2142 τῆς
495 2059 638 2142 δύσεως,
674 2055 870 2144 ἡμερώτατα
898 2061 935 2124 δὲ
963 2061 1022 2142 τῆς
1048 2059 1219 2141 βασιλείας
1274 2024 1309 2173 ’β

101 2170 345 2254 ἀντιλαβέσθαι
379 2162 450 2234 καί
467 2168 524 2233 διά
557 2173 655 2234 τοῦτο
688 2173 871 2254 τιμηθῆναι
906 2165 950 2246 ώς
976 2167 1070 2234 θεόν.
1121 2171 1217 2231 idem
1297 2159 1331 2247 ς’

99 2287 248 2346 ibidem.
517 2369 518 2372 ρ
614 2337 627 2368 ,
1290 2266 1301 2290 ³

189 2397 227 2456 10
263 2388 398 2476 Κράτης
424 2389 538 2471 μέντοι
565 2389 627 2454 δύο
655 2384 726 2454 οἶδε
754 2388 906 2476 δράματα
930 2391 1141 2472 (Aristophanis
1163 2391 1217 2452 Ρο-

100 2505 160 2586 ces)
190 2500 333 2585 γράφων
360 2497 480 2574 οὕτως·
516 2496 616 2581 ,,άλλ’
646 2489 709 2563 οὖν
736 2523 774 2582 με
803 2500 841 2564 ἐν
868 2510 938 2574 τοῖς
956 2497 1174 2582 Ἀχαρνεῦσιν
1191 2491 1217 2580 ἢ
1235 2511 1268 2561 20
1327 2535 1330 2544 ·

99 2613 333 2694 Βαβυλωνίοις
366 2604 389 2693 η’
423 2609 461 2674 έν
507 2611 548 2694 τῇ
582 2607 676 2694 ἑτέρᾳ
707 2608 878 2694 Εἰρηνηίί.
904 2607 960 2672 καὶ
983 2607 1159 2693 σποράδην
1176 2588 1221 2671 ’δέ

100 2745 178 2785 τινα
201 2719 370 2803 ποιήματα
392 2722 614 2802 παρατίθεται
637 2717 723 2804 άπερ
748 2720 786 2784 ἐν
813 2721 854 2803 τῇ
875 2721 941 2782 νῦν
963 2717 1133 2803 φερομένη
1156 2714 1218 2782 οὐκ

100 2835 204 2897 ἔστιν.
250 2830 508 2909 argumentum
532 2831 571 2892 Ill
596 2833 784 2912 Aristoph.
808 2833 885 2894 Pac.

190 2945 222 3002 11
264 2937 458 3024 Περμησὸς,
489 2933 529 3002 δν
551 2941 715 3003 καλοῦσιν
737 2939 773 3003 οί
792 2937 945 3025 ἐγχώριοι
967 2935 1052 3024 ηδιά
1074 2935 1111 3002 τδ
1126 2940 1220 3023 πρώ-

99 3074 162 3116 τον
191 3052 340 3132 φανῆναι
369 3047 556 3133 Πάρμησον
584 3046 628 3124 ώς
656 3065 739 3134 φησι
765 3049 899 3134 Κράτης
928 3049 965 3114 ἐν
987 3060 1056 3125 τοῖς
1077 3053 1217 3112 Βοιωτι-
1235 3062 1268 3112 25

100 3170 182 3235 κοῖς.
223 3161 757 3241 schol.Hesied.theog0n.u.
783 3164 811 3224 5.
1259 3169 1263 3178 ’

190 3272 227 3332 12
263 3257 284 3350 ἦ
308 3266 340 3330 δ’
364 3265 413 3343 ὄςι
446 3271 578 3346 τίθεται
598 3265 618 3352 ἡ
643 3270 728 3348 λέξις
744 3267 798 3334 ἐπὶ
813 3268 966 3354 πλήθους
981 3267 1037 3333 καὶ
1051 3271 1216 3354 θηλειών·

170 3461 194 3491 α.
209 3446 223 3490 1
246 3432 283 3500 ώς
302 3439 457 3507 συμβαλεῖν
474 3441 597 3506 ¹eeposuit
614 3441 740 3492 Hereher
758 3458 792 3493 ex
809 3443 873 3494 Vat.
891 3459 939 3509 pro
957 3433 994 3502 ώς
1013 3438 1184 3507 συμβάλλειν
1196 3437 1207 3507 ΙΙ

99 3547 124 3578 u.
141 3531 158 3577 3
177 3511 230 3576 οὖν
248 3530 311 3590 post
328 3519 382 3590 μὲν
400 3541 433 3574 ex
450 3526 514 3575 Vat.
532 3527 655 3592 reposuit
672 3527 798 3576 Hereher
821 3523 834 3594 [l
857 3519 987 3594 ἰσότιμον
1009 3525 1059 3592 τῆς
1078 3525 1217 3591 σωτηρίας

100 3611 174 3664 coni.
193 3609 318 3660 Hereher
334 3624 383 3674 pro
402 3599 526 3675 α’μοιβήν
544 3607 594 3676 τῆς
613 3605 742 3676 ἰσοτίμου
760 3608 899 3676 σωτηρίας
914 3607 928 3678 H
944 3615 998 3663 ταί
1016 3603 1218 3676 ἐκφοιτήσαντι

100 3711 172 3748 corr.
193 3694 298 3744 Gesner
316 3709 364 3760 pro
384 3688 597 3760 εἰσφοιτησαντι
620 3691 633 3762 ΙΙ
655 3689 729 3756 ν.’,11
757 3693 923 3746 διοικοῦντα
942 3695 1000 3746 eod.
1019 3695 1099 3745 Paris
1117 3691 1208 3761 308411

98 3799 124 3833 α.
147 3783 178 3829 15
198 3770 357 3830 ἐπιθέσθαι
377 3794 445 3828 corr.
469 3778 590 3829 Roether
612 3785 662 3844 pio
684 3777 845 3830 πείθεσθαι
867 3775 881 3847 Π
903 3798 926 3830 ιι.
946 3784 979 3830 17
1007 3785 1069 3846 post
1086 3775 1136 3830 καὶ
1155 3779 1216 3828 add.

100 3863 163 3916 eod.
182 3863 272 3912 Paris.
291 3861 358 3930 3984
376 3855 522 3930 oev’eo'vflu.
537 3867 569 3913 19
588 3856 640 3914 δύο
660 3858 723 3915 εἷπε
743 3849 875 3930 δράματα
892 3865 953 3914 Ald.
965 3860 979 3932 ss
993 3883 1017 3915 κ.
1031 3869 1065 3914 22
1080 3857 1134 3915 ’διά
1152 3879 1217 3913 τινα

99 3951 124 3998 V
136 3944 149 4015 {1
159 3965 182 3996 α.
197 3951 232 3996 2⁴
250 3961 314 3996 num
333 3940 382 3996 διὰ
399 3939 431 3997 τὰ
455 3940 487 3998 τδ
510 3949 531 3997 οἳ
552 3947 695 4015 τραπῆναι
721 3941 751 4000 ἐκ
775 3947 826 3999 τοῦ
849 3949 864 4000 ἓ
885 3949 1042 4008 Βοιωτικῶς
1060 3941 1219 4014 Πάρμησον

98 4024 138 4091 ώς
158 4045 228 4098 φησι
246 4023 379 4097 Κράτηςθ
416 4037 558 4082 est·reeta
576 4037 652 4082 certe
674 4033 746 4084 haee
769 4034 928 4084 obseruatio
951 4033 1092 4099 paululum
1116 4034 1218 4082 inflexa

13 4147 14 4194 ρ
99 4117 138 4168 ef.
164 4108 279 4180 σκιαρὸς
304 4107 428 4180 σκιερὸς,
457 4108 538 4180 ίαρός
562 4108 648 4182 ίερός,
666 4113 800 4182 πάναμος
817 4113 959 4184 ποίνιμος,
980 4113 1086 4182 φρασίν
1105 4117 1217 4183 φρεσίν,

99 4195 178 4251 πόκα
195 4195 264 4251 ποτέ
283 4200 340 4250 elie
351 4195 364 4268 fl
376 4218 399 4250 ιι.
412 4203 447 4250 25
464 4216 513 4266 pro
531 4193 648 4268 Κράτης
664 4203 737 4253 coni.
755 4203 869 4254 Heeker
885 4203 913 4252 in
931 4201 1063 4271 philolog.
1081 4202 1105 4252 V
1122 4218 1148 4271 p.
1167 4202 1218 4256 428

100 4276 286 4350 Νικοκράτης

283 4501 292 4532 0
