2950 5084
612 227 651 284 45

69 402 233 484 στοιχεῖα]
258 399 368 464 πάντα
390 398 495 476 οὕτως
516 401 683 466 δέδασται.
708 402 821 464 schol.
846 403 870 462 A
891 403 929 464 ll.
951 401 969 461 Ι.
988 421 1011 461 s.
1036 399 1072 462 οί
1089 398 1127 462 δὲ
1149 397 1190 462 τά

69 510 217 594 τέσσαρα
240 509 385 592 στοιχεῖά
408 525 513 634 φασιμ
529 507 632 574 αὐτὸν
648 510 758 592 λέγειν
772 510 841 573 Δία
857 510 967 592 [κῦρ],
990 507 1190 572 Ποσειδῶνα

66 617 176 703 ὕδωρ,
203 616 359 704 Ἀιδης’
340 617 422 704 αηρ,
468 615 538 684 εἶτα
565 619 687 703 γῆκαὶ
721 615 794 684 κατ’
828 615 946 702 ἐξοχην
979 618 1026 684 ἐν
1050 613 1141 704 αὐτῷ
1173 613 1191 680 6

59 727 244 812 Ὄλυμπος.
280 732 395 794 schol.
423 732 595 796 v11.1.s.
633 726 730 812 κοινὴ
760 726 849 792 ὅλων
875 731 944 792 τεόν
971 735 1143 830 στοιχείων
1169 720 1190 810 ἡ

67 842 114 922 γῆ
137 837 259 904 καθότι
283 839 321 904 ἐν
343 835 431 923 αὐτῇ
454 835 643 921 εὑρίσκεται
665 836 723 906 καὶ
745 837 785 902 τὰ
808 836 909 902 λοιπά
930 841 1007 924 τρία
1029 848 1189 920 στοιχεῖα
1209 851 1225 901 ο

69 946 110 1012 τὸ
131 946 200 1034 γὰρ
222 935 314 1033 ὕδωρ
337 945 423 1033 αὐτῇ
444 953 717 1034 σννεσφαίρωται
732 945 788 1013 καί
803 945 910 1034 πυρὸς
925 946 1102 1024 ἀναδόσεις
1116 947 1193 1032 περὶ

69 1055 182 1142 αὐτην
208 1061 381 1142 γίγνονται
408 1057 521 1141 ὥσπερ
550 1055 634 1122 κατά
661 1057 724 1142 τὴν
752 1064 881 1143 Αίτνην
910 1059 947 1124 ἐν
976 1061 1116 1144 Σικελία
1137 1056 1194 1122 καί

70 1167 151 1253 περὶ
174 1165 252 1243 τοὺς
268 1165 453 1252 Ἡφαίστου
476 1170 659 1254 κρητῆρας,
698 1165 819 1252 ὁμοίως
845 1167 882 1233 δὲ
911 1167 967 1232 καί
995 1167 1073 1251 περὶ
1099 1167 1194 1253 Κρά-

69 1301 136 1360 γον
158 1281 289 1354 Λυκίας
316 1278 372 1343 καί
401 1277 462 1342 ὅσα
490 1281 643 1342 τοιαῦτα·
690 1274 811 1362 ὁμοίως
838 1279 876 1343 δὲ
904 1277 961 1342 καὶ
989 1275 1006 1342 6
1029 1275 1094 1364 άὴρ
1116 1277 1194 1359 περί

71 1385 183 1472 αὐτήν
206 1388 286 1452 ἐστι.
321 1391 431 1464 καλῶς
453 1389 490 1452 δὲ
510 1387 569 1464 Ικαί
589 1385 650 1451 τόν
665 1385 839 1472 Ὄλυμπον
853 1388 972 1454 κοινόν
986 1405 1102 1473 φησιν,
1121 1387 1193 1452 ἐπεὶ
1213 1405 1244 1456 ιο

71 1498 132 1562 καὶ
154 1493 356 1581 δ”θλνμκος
377 1495 440 1582 την
461 1498 594 1580 γε’νεσιν
610 1498 648 1562 ἐκ
663 1501 733 1564 των
746 1499 919 1585 τεσσάρων
934 1500 1088 1582 κέκτηται
1104 1515 1196 1562 στοι-

72 1611 189 1691 χείων.
212 1610 326 1672 schol.
350 1611 424 1672 ABD
447 1611 485 1672 ll.
509 1611 527 1670 l.
551 1630 574 1671 s.

169 1722 197 1782 0
212 1721 283 1782 365.
308 1719 344 1782 οί
356 1719 393 1783 δὲ
410 1717 488 1804 περὶ
503 1720 562 1783 τὸν
573 1717 731 1802 Κράτητα
746 1722 851 1796 ψιλοῖς
864 1721 1006 1803 (scribunt
1018 1741 1121 1782 uocem
1134 1715 1204 1801 6⁶⁸6

75 1825 145 1892 ἀπὸ
167 1831 226 1911 τῆς
249 1826 377 1903 ἰάσεως.
401 1803 517 1893 sefiol.
542 1831 565 1892 A
587 1829 625 1892 ll.
648 1831 667 1892 l.
691 1853 714 1893 s.
745 1829 876 1915 οἱπερὶ
897 1829 1054 1915 Κράτητα
1077 1831 1197 1906 ψιλοῦ-

73 1954 133 2001 σιν
144 1934 212 2002 άτιδ
224 1940 283 2020 της
299 1937 434 2014 ίάσεως·
450 1935 562 2024 ίατρδς
574 1938 650 2024 γάρ.
662 1941 829 2004 Eustath.
845 1943 880 2002 in
891 1941 931 2001 ll.
944 1942 1030 2023 λαμ.
1047 1941 1134 2012 1020,
1147 1942 1193 2001 16.
1216 1951 1246 2000 15

166 2052 280 2112 0494
303 2070 346 2130 sq.
392 2048 533 2112 κάλλιον
562 2048 602 2113 δέ
627 2065 712 2132 φησι
732 2051 837 2113 ταῦτα
859 2045 937 2123 τούς
958 2049 1056 2124 νέους
1078 2046 1197 2130 άναγι-
1291 2055 1294 2060 ’

75 2156 227 2222 νεόσκειν
242 2156 374 2242 Κράτης
396 2159 443 2233 είς
465 2159 633 2243 διέγερσιν
653 2152 677 2241 ἤ
699 2153 721 2222 ά
741 2163 904 2241 Τυρταίος
918 2158 1198 2241 Λακεδαιμονίοις

75 2270 237 2354 ἔγραψεν.
269 2271 385 2332 schol.
409 2271 493 2332 BLV
515 2271 547 2332 ΙΙ.
572 2271 686 2334 0496.
709 2266 817 2352 φασίν
838 2268 875 2332 οἵ
892 2267 1027 2332 παλαιοὶ
1049 2265 1093 2343 ὣς
1115 2267 1217 2356 κρίλ-·

75 2377 155 2442 λιόν
178 2378 249 2442 ἐστι
271 2380 375 2441 ταῦτα
397 2374 475 2453 τοὺς
497 2381 660 2461 μαχίμους
682 2379 780 2454 νέους
795 2375 1043 2461 ἀναγινώσκειν
1061 2379 1099 2442 ἐν
1113 2379 1198 2463 βρα-

74 2499 131 2572 χεῖ
151 2488 305 2562 δυνατοῖς
327 2486 383 2552 καί
405 2485 489 2552 κατά
511 2487 606 2565 τάξιν
626 2481 649 2570 ἢ
671 2483 694 2551 δι’
720 2493 883 2572 Τυρταῖος
905 2491 1105 2571 πολυλογεῖν
1127 2492 1198 2552 Λα-
1215 2503 1250 2554 20
1365 2575 1369 2582 Ι

76 2598 307 2680 κεδαιμονίοις
329 2600 485 2684 ἔγραψεν.
510 2601 674 2662 Ευεῑείίι.
699 2603 738 2680 λη
757 2601 795 2662 ΙΙ.
819 2602 837 2660 l.
862 2619 884 2660 s.
908 2621 937 2680 p.
966 2601 1063 2670 1026,
1089 2601 1138 2662 23.

165 2712 202 2774 Σ
222 2709 282 2773 192
305 2731 348 2792 sq.
398 2711 538 2792 ζητεῖται
573 2705 629 2772 διὰ
659 2711 694 2772 τί
719 2705 759 2772 τά
786 2707 988 2792 Πατρόκλου
1011 2706 1127 2792 ’(όττλα)
1158 2705 1200 2771 οὐ

76 2816 248 2900 λαμβάνει
264 2819 410 2901 (Achilles)
434 2819 465 2882 εἰ
477 2817 534 2882 καί
548 2816 588 2882 τά
604 2814 709 2882 αὐτοῦ
725 2818 843 2904 ἐκείνῳ
857 2815 1006 2903 ἥρμοσεν
1023 2867 1029 2880 .
1049 2868 1055 2880 .
1075 2868 1082 2881 .
1106 2817 1201 2902 Κρά-

75 2951 137 3011 της
161 2925 212 2990 ότι
234 2925 275 2991 τά
296 2926 499 3014 Πατρόκλου
514 2925 719 3011 Αὐτομέδων
741 2922 830 3012 εἶχεν
852 2925 940 3002 ὅπως
962 2929 1072 3012 ίσωθῇ
1093 2924 1131 2991 τὸ
1154 2921 1201 2991 εἶ-

77 3039 139 3113 δος
169 3035 226 3100 καὶ
253 3035 397 3115 δόξωσιν
426 3031 512 3103 εἶναι
548 3035 565 3102 ὁ
593 3035 852 3122 μὲνἈχιλλεύς
879 3034 897 3101 6
927 3038 963 3101 δὲ
992 3035 1199 3124 Πάτροκλος.
1218 3054 1252 3106 25

78 3149 201 3212 schol.
225 3149 248 3211 A
271 3151 310 3212 ll.
333 3149 352 3211 l.
377 3171 399 3212 s.

170 3261 205 3322 Σ
224 3257 284 3322 239
308 3279 351 3341 sq.
396 3261 536 3342 ζητεῖται
558 3255 614 3322 διά
636 3260 671 3322 τί
690 3255 816 3322 ἄκοντά
838 3274 921 3342 φησι
943 3254 1002 3322 τὸν
1021 3254 1119 3342 ἥλιον
1141 3259 1203 3322 δῦ-

78 3391 151 3432 ναι.
197 3366 332 3451 Κράτης
361 3367 424 3450 μὲν
452 3366 511 3432 τὸν
540 3365 645 3432 αὐτόν
668 3365 864 3434 Ἀπόλλωνα
887 3362 974 3432 εἶναι
1008 3368 1064 3432 καὶ
1093 3367 1200 3452 ἥλιον.

78 3476 379 3559 ἐπιτυγχανόντων
401 3466 464 3542 οὖν
486 3479 555 3542 τῶν
575 3475 700 3562 Τροόων
721 3481 887 3562 χρονίζειν
906 3473 1074 3561 ἡδόμενόν
1096 3476 1203 3542 τεκαὶ

77 3585 281 3672 μηκόνοντα
304 3582 416 3662 αὐτοῖς
431 3583 469 3650 τὸ
485 3586 684 3676 ἐττίτενγμα·
719 3586 830 3672 Ἥραν
852 3585 889 3650 δὲ
905 3585 944 3650 τά
961 3588 1098 3652 ἐναντία
1119 3590 1203 3670 βον-Ι
1221 3603 1255 3654 30

79 3695 233 3780 λομε’νην
262 3693 463 3780 ἀναγκάζειν
491 3693 596 3761 αὐτὸν
625 3696 753 3762 δύνειν.
789 3699 903 3760 schol.
933 3701 956 3760 A
985 3699 1114 3762 11.l.s.
1149 3696 1205 3760 καὶ

80 3811 178 3872 ἔστιν
201 3801 219 3869 6
241 3803 339 3887 λόγος
360 3803 491 3882 ἀστεῖος
513 3801 558 3882 ολς
573 3803 629 3872 καὶ
652 3805 787 3890 Κράτης
810 3807 1077 3889 ἐπισημαίνεται·
1102 3804 1203 3890 άλλη-

79 3917 232 4001 γορικοῖς
258 3913 323 4000 γὰρ
353 3911 371 3979 6
397 3914 492 3999 ἥλιος
518 3920 561 4000 τῇ
588 3917 667 4001 δίνη
696 3920 757 3981 τοῦ
785 3913 934 4000 οὐρανοῦ
961 3915 1207 4000 συνελκόμενος

153 4125 203 4172 ιι.2
213 4119 271 4186 πῦρ
281 4120 407 4186 suppleui
419 4118 432 4189 {l
442 4139 466 4172 α.
474 4117 613 4188 8Κράγον
625 4139 692 4174 corr.
701 4125 807 4176 Vsener
817 4140 865 4188 pro
871 4117 1003 4189 Κέραγον
1013 4119 1025 4190 A
1037 4141 1060 4172 α.
1069 4125 1100 4171 11
1105 4111 1206 4189 Ὀλυμ·

81 4225 138 4269 νιος
149 4207 251 4272 scripsi
262 4222 310 4271 pto
321 4195 443 4270 οόρανός
454 4203 467 4272 ΙΙ
478 4225 502 4258 κ.
516 4211 550 4258 13
563 4207 600 4257 cs.
613 4209 699 4258 schol.
712 4211 734 4258 Ι)
749 4213 777 4258 εί
787 4209 834 4257 BL
847 4209 863 4257 l.
877 4223 898 4258 ε.
911 4204 922 4272 ΙΙ
935 4225 959 4256 ιι.
973 4211 1004 4256 17
1015 4199 1072 4272 ἢ-
1082 4201 1208 4271 ἔγραψεν

81 4291 164 4344 οιαὶ
176 4307 219 4355 ap.
228 4287 341 4340 Ba'chm.
353 4285 364 4356 Η
376 4307 400 4340 ιι.
411 4294 447 4340 23
460 4279 552 4340 αότοδ
563 4292 676 4341 Bekker
687 4289 699 4359 [l
711 4309 735 4341 υ.
748 4295 782 4342 32
795 4282 907 4348 α’στείος
920 4292 1018 4356 seripsi
1029 4309 1077 4356 pro
1090 4283 1208 4350 α’στείως
