2950 5084
791 222 942 310 -.AA-

307 384 400 460 ἀκων
429 395 483 460 ἐπὶ
511 393 641 478 δυσμάς
669 397 799 461 ἕλκεται
827 395 883 462 διά
907 397 1013 482 Ἥρας
1039 401 1098 480 τῆς
1124 400 1186 460 τοῦ
1214 397 1417 480 περιέχοντος
1451 419 1452 428 ’

307 502 434 588 δηλαδὴ
459 504 603 589 φύσεως.
638 510 804 571 Ευειοιλι.
829 511 864 570 in
887 510 923 570 ll.
948 510 967 570 l.
991 530 1015 571 s.
1039 530 1067 589 p.
1095 495 1190 579 1140,
1215 508 1265 570 48.

390 621 425 682 Σ
443 617 503 682 488
528 638 571 698 sq.
608 612 688 680 οὐδὲ
704 615 838 700 Κράτης
861 605 923 680 οὖν
939 613 1051 701 ὀρθῶς
1071 615 1211 702 γράφει·
1237 617 1289 700 οἴη
1311 614 1343 680 τ’
1360 615 1417 700 ἀμ·
1452 703 1453 708 ¹

299 725 403 809 μορός
424 725 494 792 έστι
509 728 658 810 λοετρῶν
677 723 860 792 Ὠκεανοῖο.
891 729 1023 790 Strabo
1046 730 1059 790 Ι
1081 747 1109 808 p.
1133 729 1191 792 30.
1226 722 1303 790 ὁδὲ
1320 727 1407 808 Κρά-

267 854 283 902 5
302 859 359 918 της
387 835 493 912 οὕτως
519 832 745 918 ἀναγινώσκει
768 834 819 919 „A
840 833 870 900 τ’
903 833 1070 900 αὐτοῦ-
1091 835 1247 902 δοκεύειιι
1282 839 1328 920 (Σ
1347 839 1403 901 488

300 945 396 1030 μέχρι
424 943 546 1010 τούτου
577 947 789 1028 καταλέγων·
823 946 908 1028 ,,οἰη
937 943 965 1009 τ’
1000 931 1416 1030 άμμορος-Ώκεανοῑο“

302 1059 347 1139 (Σ
354 1060 443 1139 489),
464 1056 521 1122 ἵνα
533 1053 570 1120 τό
582 1054 798 1138 συμβεβηκὸς
817 1053 903 1140 αὐτῇ
920 1054 976 1120 καί
989 1053 1046 1140 ἐφ’
1067 1055 1190 1140 ἑτέροις
1204 1058 1271 1120 τοῖν
1290 1054 1417 1140 ἄστρων

305 1163 477 1248 ἀκούηται.
518 1168 743 1246 Apollonius
774 1168 842 1230 lex.
874 1170 1020 1234 Homer.
1054 1189 1082 1230 p.
1108 1163 1295 1250 ἄμμορον
1324 1188 1354 1248 p.
1383 1169 1417 1228 29

301 1278 460 1340 Bekken

258 1405 288 1456 10
396 1389 514 1453 T357.
545 1389 580 1479 ελ.
606 1388 729 1450 Cratetis
751 1390 807 1467 λος.
832 1391 868 1450 ad
890 1391 1012 1451 Aratum
1034 1410 1063 1450 u.
1090 1393 1102 1450 1
1129 1407 1172 1469 sq.

359 1528 361 1532 ·
391 1500 421 1562 Φ
444 1497 516 1560 323.
562 1495 696 1580 Κράτης
717 1497 831 1578 μέντοι
852 1493 992 1579 γενικὴν
1014 1487 1142 1559 πτάσιυ
1166 1495 1337 1572 ἐξεδέξατο
1361 1501 1417 1578 (αο-

281 1587 284 1595 ¹
305 1625 370 1668 cem
392 1603 605 1688 τυμβοχόης)·
636 1603 692 1669 καὶ
720 1606 824 1690 δῆλον
854 1603 903 1669 ὅτι
927 1605 1096 1691 έβάρυνεν
1118 1601 1240 1688 ὁμοίως
1261 1609 1309 1691 τῷ
1331 1607 1417 1670 οἰνο-

304 1713 392 1798 χόης.
422 1717 536 1780 schol.
561 1719 584 1778 A
607 1719 645 1780 ll.
671 1719 689 1778 ἰ.
713 1737 736 1780 ε.
1245 1747 1247 1757 .
1455 1728 1456 1804 η

180 1843 182 1848 ·
288 1891 290 1897 ,
389 1830 419 1890 Φ
442 1829 503 1890 558
526 1847 569 1907 sq.
609 1821 686 1890 ὀδὲ
708 1825 842 1910 Κράτης
866 1823 987 1908 Ἰδήιον
1013 1823 1137 1910 γράφει
1160 1822 1205 1889 ἵν’
1229 1813 1416 1909 1ᾗτδδπο-
1455 1805 1456 1828 ¹

255 1948 285 1998 15
303 1938 461 2018 κείμενον
482 1932 617 2019 τῇἼδη.
652 1939 768 1999 schol.
792 1939 815 2000 B
838 1939 877 2000 ll.
902 1939 967 1998 λε.
992 1931 1011 1999 δ
1032 1935 1069 1998 δὲ
1091 1934 1224 2019 Κράτης
1241 1933 1365 2018 Ἰδηιον
1386 1933 1418 1998 ιδ

203 2053 205 2062 ⁴
298 2043 433 2116 Ἰδαῖον.
458 2048 574 2109 schol.
598 2048 621 2109 A
644 2049 681 2110 ll.
705 2048 724 2108 l.
749 2068 772 2108 s,
1102 2023 1105 2028 ’

392 2161 429 2220 Ψ
449 2159 519 2220 679.
564 2151 702 2238 ἡδιπλη
718 2153 768 2220 ὅτι
790 2153 920 2220 έπίτοά
934 2153 1132 2238 Μηκιστέως
1153 2151 1341 2218 ἀκουστέον
1363 2151 1418 2236 ,,ὅς
1456 2134 1457 2200 ἰ

301 2286 381 2328 ποτε
405 2263 518 2348 Θήβας
544 2254 693 2346 η’λθευίλ,
718 2262 780 2330 οὐκ
804 2263 858 2330 έπί
880 2269 941 2328 τοῦ
963 2261 1146 2350 Εὐρυάλον
1169 2261 1213 2339 οἱς
1234 2260 1253 2328 δ
1275 2265 1416 2350 Κράτης.

300 2378 417 2438 schol.
442 2379 464 2437 A
487 2377 525 2438 ll.
549 2379 568 2438 l.
593 2396 616 2438 ε.

250 2497 284 2548 20
385 2489 419 2550 A
442 2487 513 2550 253.
559 2483 694 2570 Κράτης
715 2484 829 2568 μέντοι
851 2486 1013 2570 κατηφέες
1036 2489 1105 2566 (non
1121 2484 1321 2568 κατηφόνες)
1337 2484 1417 2570 γρά-

301 2617 368 2678 φει.
405 2597 518 2658 schol.
543 2599 565 2658 A
590 2599 626 2659 Η.
651 2599 669 2658 Ι.
694 2617 717 2659 s.

618 2858 622 2872 ·
705 2833 752 2896 IN
773 2831 1014 2899 ODYSSEAM

386 3009 406 3049 α
430 2988 469 3050 23
492 3007 533 3068 sq,
578 2984 639 3050 δύο
662 2975 844 3062 Αἰθιοπίας
872 2989 913 3070 τῇ
941 2961 1042 3070 φύσει
1069 2962 1280 3068 ὑποληπτέον
1308 2981 1418 3068 ὑπάρ-

300 3117 372 3178 χειν
394 3099 475 3177 περί
493 3119 529 3160 τε
556 3093 616 3160 τδν
642 3093 785 3180 θερινὸν
807 3093 969 3178 τροπικὸν
997 3093 1056 3159 τὸν
1083 3092 1163 3177 παρ’
1186 3091 1267 3178 ἡμῖν
1289 3093 1418 3159 κύκλον

250 3223 283 3273 25
301 3204 566 3289 περιοικούντων
581 3204 759 3270 Αἰθιόπων
782 3205 838 3270 καί
860 3205 937 3289 περὶ
959 3204 1019 3270 τὸν
1040 3201 1121 3290 ἡμῖν
1142 3205 1206 3288 μὲν
1227 3203 1419 3288 χειμερινὸν

242 3331 249 3344 ’
300 3313 463 3399 τροπικὸν
485 3327 554 3391 τοίς
576 3315 612 3380 δὲ
635 3313 790 3380 ἀντίποσι
812 3315 963 3401 θερινόν.
1004 3318 1103 3380 τοῦτο
1125 3315 1165 3378 δέ
1185 3330 1267 3398 φησι
1282 3315 1419 3398 Κράτης

301 3423 357 3488 καί
379 3423 438 3489 τὸν
451 3421 602 3512 Ὅμηρον
624 3425 734 3510 λέγειν
757 3427 795 3490 έν
818 3417 1009 3510 οἷςφησιν·
1035 3426 1224 3508 ,,Αἰθίοπες
1245 3423 1296 3487 τοί
1313 3422 1418 3508 διχθά

200 3611 214 3626 ρ
300 3535 472 3600 δεδαίαται
494 3537 625 3620 ἔσχατοι
648 3534 801 3620 ἀνδρῶν,
826 3535 862 3599 οἰ
879 3536 942 3620 μὲν
964 3535 1154 3619 δυσομένου
1171 3533 1369 3616 Ὑπερίονος
1391 3535 1422 3598 οἰ

287 3643 333 3709 δ’
350 3643 540 3722 ἀνιόντος.“
577 3647 710 3730 Κράτης
725 3646 787 3729 μὲν
803 3635 865 3710 οὖν
880 3647 1163 3731 παραδοξολογεῖν
1182 3641 1222 3708 τά
1237 3639 1297 3728 ὑφ’
1315 3639 1419 3728 Ὁμή-

249 3773 282 3825 30
301 3779 363 3840 ρου
381 3753 547 3841 ἀρχαϊκῶς
567 3755 623 3821 καί
642 3757 816 3832 ἰδιωτικοῖς
834 3757 991 3843 εἰρημένα
1010 3755 1144 3839 μετάγει
1161 3750 1244 3838 πρὸς
1262 3749 1323 3836 τὴν
1342 3749 1418 3817 κατ’

367 4036 422 4083 κ.3
451 4029 499 4097 οἴη
518 4022 545 4082 τ’
564 4049 632 4083 corr.
652 4049 700 4098 pro
720 4024 781 4090 οἷος
800 4020 830 4081 δ’
848 4033 880 4080 Β.
900 4031 1034 4081 'Phiersch
1054 4031 1178 4081 Ζειλαίἰει·
1203 4033 1254 4078 eto.
1279 4044 1305 4094 p
1324 4027 1361 4077 52
1381 4028 1417 4078 es.

298 4115 383 4169 schol.
402 4117 451 4167 BV
469 4118 501 4168 Il.
521 4119 538 4169 l.
557 4135 578 4168 s.
597 4133 623 4182 p.
642 4113 721 4179 507b,
740 4115 774 4172 50
806 4113 820 4184 ss
847 4134 870 4166 α.
889 4120 904 4166 6
922 4113 970 4180 οἴη
988 4104 1016 4163 τ’
1039 4131 1107 4166 corr.
1131 4112 1264 4164 Thiersch
1287 4111 1305 4161 1.
1325 4128 1349 4162 ε.
1369 4129 1417 4178 pro

297 4191 350 4266 ἡδ’
369 4188 385 4268 ,ἦ
403 4217 453 4252 κεν
472 4203 541 4252 coni.
561 4201 631 4251 pop.
651 4201 686 4250 ιο
704 4201 831 4266 Aponon.
850 4217 876 4265 p.
896 4199 946 4250 τω
963 4216 1002 4264 sq.
1018 4196 1031 4266 η
1047 4204 1100 4252 ατ
1119 4190 1167 4264 ἐφ’
1186 4198 1279 4248 addidi
1301 4193 1316 4265 p
1339 4215 1364 4250 u,
1386 4203 1416 4248 τε

298 4277 530 4350 διτεροικούντων
542 4287 614 4336 coni.
628 4286 760 4336 Ροιεαίαε
772 4281 785 4352 ΙΙ
799 4302 824 4334 υ.
839 4288 874 4334 30
892 4278 1040 4342 ἰδιωτικάς
1053 4285 1122 4334 porr.
1135 4285 1242 4333 Vsener
1253 4298 1303 4346 pro
1316 4277 1417 4339 ἰδικώς
