2950 5084
779 233 930 327 Q—

383 417 401 476 2
438 413 572 498 Κράτης
593 411 624 478 δ’
648 413 686 479 έν
701 415 847 502 δευτέρῳ
864 413 1011 497 Ἀττικῆς
1033 414 1210 478 διαλέκτου
1236 415 1330 497 φησί’
1351 411 1394 476 καὶ

299 519 317 588 ὁ
345 523 528 608 παράσιτος
556 526 622 587 νῦν
650 521 704 588 ἐπ’
733 523 856 603 άδοξον
883 523 1072 607 μετάκειται
1100 527 1255 608 πρᾶγμα,
1283 519 1393 607 πρότε-

298 655 360 718 ρον
382 631 410 698 δ’
439 633 623 698 ἐκαλοῦντο
653 633 831 722 παράσιτοι
859 634 895 698 οί
914 632 968 699 ε’πλ
989 632 1051 717 τὴν
1082 633 1174 718 λερού
1196 636 1291 696 σίτου
1314 632 1394 695 έκλο-

296 741 362 828 γὴν
384 737 579 828 αἱρούμενοι
608 741 664 808 καὶ
690 733 735 826 ἦν
757 741 892 828 άρχειόν
920 766 951 807 τι
974 747 1177 828 παρασίτων.
1215 739 1269 806 διδ
1296 740 1348 805 καὶ
1367 744 1395 805 ἐν

263 836 344 940 δ’τῷ
365 857 427 917 τού
446 853 608 936 βασιλέως
630 852 724 941 νόμῳ.
743 853 925 938 γέγραπται
946 857 1059 918 ταυτί·
1084 853 1335 936 »ἐπιμελεῖσθαι
1356 852 1398 914 δεῖ
1442 865 1443 906 1

297 960 357 1028 τόν
384 962 608 1045 βασιλεύοντα
636 966 704 1027 τοῖν
738 986 773 1027 τε
802 961 975 1048 ἀρχόντων
1005 961 1093 1038 ὅπως
1120 957 1164 1026 dv
1186 965 1395 1026 καθιστῶνται

297 1072 354 1137 καλ
375 1069 453 1149 τούς
475 1077 681 1158 παρασίτους
710 1073 748 1137 έκ
769 1075 838 1138 τεόν
861 1072 977 1157 δήμων
1005 1072 1165 1157 αἱρῶνται
1187 1069 1273 1136 κατά
1295 1069 1332 1134 τὰ
1351 1093 1395 1152 γε-
1436 1143 1440 1154 ,

227 1243 231 1252 .
296 1183 485 1268 γραμμένα,
514 1179 593 1258 τούς
621 1182 657 1246 δὲ
681 1185 886 1268 παρασίτους
914 1181 951 1248 έκ
980 1185 1038 1265 τῆς
1059 1184 1241 1266 βουκολίας
1264 1181 1396 1264 ἐκλέγειν

297 1295 334 1357 ἐκ
357 1295 418 1356 τοῦ
439 1293 562 1376 μέρους
583 1270 643 1356 τού
672 1290 801 1356 έαυτύν
831 1291 973 1356 ἕκαστον
1001 1291 1095 1356 ἑκτέα
1124 1295 1268 1374 κριθῶν,
1292 1291 1394 1356 δαίνυ·

249 1409 280 1459 10
292 1407 384 1468 σθαί
401 1425 437 1466 τε
459 1400 537 1478 τούς
560 1399 658 1478 ὄντας
676 1399 877 1486 Ἀθηναίους
899 1401 936 1466 ἐν
951 1405 997 1488 τῷ
1014 1403 1092 1488 ἱερῷ
1107 1399 1191 1466 κατὰ
1213 1398 1254 1472 τά
1277 1400 1394 1484 πάτρια.
1444 1425 1445 1472 3

296 1497 356 1576 τόν
385 1509 415 1576 δ’
447 1510 542 1576 ἑκτέα
570 1513 726 1595 παρέχειν
754 1514 800 1587 είς
831 1509 871 1576 τά
900 1509 1016 1597 άρχεῖα
1046 1515 1092 1600 τῷ
1121 1509 1306 1576 Ἀπόλλωνι
1331 1507 1396 1584 τούς
1444 1487 1445 1510 ¹

292 1619 481 1705 Ἀχαρνέων
503 1603 709 1712 παρασίτους
730 1619 796 1686 άπὸ
818 1625 875 1704 τῆς
898 1599 1127 1705 ε’κλογῆςτύν
1149 1623 1316 1704 κριθαῖνίί.
1356 1617 1395 1683 ότι
1445 1626 1446 1702 γ

296 1729 412 1796 δὲκαὶ
440 1728 576 1818 άρχεῐου
602 1721 650 1822 ἦν,
674 1717 853 1796 αύτιόνέν
882 1733 928 1818 τῷ
957 1728 1047 1817 αύτῷ
1075 1729 1167 1816 νόμω
1189 1730 1269 1796 τάδε
1291 1731 1395 1814 γέγρα-

296 1864 375 1906 πται
404 1844 475 1924 ,,είς
496 1839 559 1924 τήν
588 1840 771 1924 ἐπισκευὴν
799 1843 860 1904 τού
889 1837 953 1904 νεά
976 1843 1037 1906 τού
1058 1838 1195 1924 άρχείου
1218 1844 1280 1904 τού
1302 1863 1395 1924 παρα-
1444 1861 1446 1868 ⁴

247 1960 278 2009 15
296 1955 423 2016 σιτείου
446 1950 502 2016 καὶ
524 1954 582 2034 τῆς
604 1953 711 2026 οἰκίας
733 1954 796 2034 τῆς
814 1949 904 2036 ἱεράς
926 1949 1059 2015 διδόναι
1081 1949 1119 2014 τό
1141 1947 1305 2036 ἀργύριον
1328 1946 1394 2014 όπό-
1446 1930 1447 2008 ί

295 2077 358 2126 σου
373 2057 424 2136 Ια’ἶν
446 2063 482 2126 οί
500 2065 567 2125 τῶν
591 2061 706 2147 ἱερέων
730 2059 966 2124 ἐπισκευασταὶ
988 2060 1244 2143 μισθάσωσιν.“
1280 2061 1315 2126 έκ
1330 2058 1394 2124 τού-

295 2194 356 2235 του
378 2170 599 2254 δῆλόυ’έστιν
621 2169 670 2236 ότι
691 2171 729 2235 έν
752 2161 779 2258 ᾦ
800 2169 858 2246 τάς
880 2168 1031 2256 ἀπαρχάς
1054 2171 1211 2235 ἐτίθεσαν
1233 2174 1295 2234 τοῦ
1317 2171 1395 2252 ίεροό
1447 2236 1448 2280 χ

295 2283 390 2344 σίτου
406 2281 442 2344 ολ
452 2280 641 2365 παράσιτοι,
656 2280 755 2346 τοῦτο
771 2285 987 2366 παρασίτειον
1002 2279 1279 2366 προσηγορεύετο.
1299 2285 1394 2344 Athe·
1447 2287 1448 2326 ί

294 2375 413 2453 naeus
433 2393 470 2454 Vl
491 2413 520 2474 p.
545 2394 647 2455 23:311.

244 2542 278 2593 20
380 2536 399 2597 3
443 2533 577 2619 Κράτης
610 2532 707 2600 δίέν
734 2534 879 2621 δευτέρῳ
903 2532 1052 2618 Ἀττικῆς
1078 2533 1256 2599 διαλέκτου
1285 2534 1394 2619 γράφει
1448 2542 1449 2618 γ

295 2640 414 2719 οὕτως’
439 2645 501 2727 „oi
517 2643 591 2728 χόες
612 2648 761 2727 πελίκαι,
785 2644 940 2730 καθάπερ
964 2650 1120 2728 εἴπομεν,
1140 2641 1356 2727 ὠνομάζοντο.
1381 2639 1395 2705 ὁ
1448 2649 1449 2656 ’

251 2817 253 2822 ,
295 2754 332 2818 δὲ
347 2753 451 2830 τύπος
471 2743 515 2837 ἦν
536 2758 598 2818 τού
618 2754 755 2838 άγγείου
778 2747 943 2840 πρότερον
963 2755 1027 2837 μὲν
1049 2767 1118 2830 τοῖς
1132 2760 1395 2839 Παναθηναικοῖς

296 2862 412 2938 εὀικιός
432 2862 534 2948 ἡνίκα
557 2865 707 2930 ἐκαλεῖτο
730 2868 866 2949 πελίκη,
895 2863 1039 2947 ὕστερον
1067 2865 1104 2929 δέ
1134 2867 1231 2948 ἔσχεν
1259 2863 1395 2948 οἰνοχόης

294 2977 421 3058 σχῆμα,
445 2965 514 3038 οἷοί
532 2976 618 3040 εἰσιν
635 2975 670 3040 οἱ
683 2976 720 3040 έν
735 2979 777 3060 τῇ
792 2975 892 3060 ἑορτῇ
911 2975 1189 3060 παρατιθέμενα,
1214 2971 1348 3052 ὁποίους
1360 2971 1394 3054 δή

360 3185 416 3232 αλ
440 3171 487 3232 ἐπ’
505 3171 613 3244 άδοξον
636 3176 799 3246 μετάκειται
818 3179 935 3250 πρᾶγμα
953 3197 1021 3251 corr.
1041 3181 1146 3232 Vsener
1164 3197 1213 3246 pro
1232 3171 1282 3234 ἔπ’
1299 3170 1394 3242 άδοξον

293 3258 346 3332 μὲν
358 3269 451 3316 κεῖται
469 3257 589 3331 πρᾶγμά
632 3260 685 3332 μὲν
703 3257 751 3317 ἐπ’
769 3257 878 3329 άδόξου
895 3269 987 3318 κεῖται
1005 3261 1173 3331 πράγματος
1191 3267 1264 3316 coni.
1276 3265 1393 3316 Meineke

294 3367 384 3400 exere.
403 3352 501 3401 Athen.
522 3353 550 3401 11
568 3369 594 3416 p.
617 3352 645 3401 ll
670 3348 681 3418 ss
698 3355 752 3402 u.5
770 3342 859 3402 ταυτά
877 3352 897 3399 Β
913 3346 926 3418 ll
943 3349 990 3401 δεῖ
1007 3367 1076 3400 corr.
1094 3351 1201 3401 Vsener
1219 3368 1268 3416 pro
1287 3343 1318 3401 di
1329 3347 1394 3417 [ind

293 3441 355 3502 post
367 3430 550 3502 γεγραμμένα
561 3435 695 3486 Ἰαοααααι
714 3435 928 3496 stntnitPreller
944 3435 1083 3486 Polemon.
1103 3452 1129 3500 p.
1145 3435 1191 3486 121
1211 3451 1271 3486 eum
1299 3433 1394 3486 deside-

292 3526 387 3570 rentur
413 3537 483 3586 qune
509 3521 696 3586 respondeant
723 3521 817 3570 uerbis
844 3519 900 3570 τῶν
925 3535 955 3571 τε
978 3509 1125 3584 άρχόντων
1152 3515 1165 3586 ll
1193 3525 1255 3584 post
1282 3511 1395 3584 ἐκλέγειν

221 3617 224 3624 ·
285 3606 365 3677 nnec
389 3605 509 3656 sortasse
533 3606 707 3656 intercidisse
731 3609 811 3670 putat
834 3603 940 3654 Preller
960 3603 977 3656 l.
996 3619 1032 3655 s.=
1062 3602 1131 3670 βοός
1154 3601 1204 3654 καλ
1227 3595 1275 3655 int
1295 3597 1395 3659 τούτοις

293 3682 418 3755 ἐκλέγειν
451 3681 559 3754 κριθάς
593 3685 642 3739 καλ
680 3682 817 3754 παρέχειν
855 3684 867 3755 Η
907 3706 931 3738 α.
957 3691 973 3738 9
1006 3694 1068 3754 post
1097 3687 1209 3753 κριθῶν
1237 3689 1319 3740 haee:
1341 3681 1394 3738 ’καλ

275 3767 356 3832 ,τούς
384 3768 437 3839 μὲν
466 3772 535 3837 βοός
566 3767 613 3824 int
642 3772 751 3824 θυσίαν
781 3765 857 3823 εἶναι
888 3772 953 3823 addi
987 3773 1046 3822 uolt
1085 3774 1130 3823 uel
1164 3774 1267 3824 similia
1297 3773 1392 3823 Preller

290 3858 308 3907 l.
327 3875 349 3908 s.
367 3854 379 3925 ΙΙ
397 3855 556 3908 δαίνυσθαι
574 3850 641 3915 τούς
658 3859 698 3906 Ha
767 3855 947 3908 δαίννυσθαι
971 3851 1037 3916 τούς
1055 3859 1078 3908 V
1098 3855 1111 3925 ll
1132 3877 1156 3908 ιι.
1171 3862 1203 3908 Ιθ
1221 3873 1250 3909 τε
1270 3859 1330 3909 add.
1348 3851 1404 3922 iifl·

289 3933 445 4008 οἷθηναίων
461 3944 514 3992 BP
536 3939 548 4008 Η
569 3959 593 3996 ν.
610 3945 642 3990 11
660 3947 723 4008 post
740 3933 843 4008 άρχεῖα
860 3943 1035 3993 intercidisse
1053 3943 1184 3994 nonnulla
1202 3948 1281 4008 putat
1299 3941 1396 3994 Preller

288 4029 306 4080 l.
325 4044 346 4078 s.
371 4024 383 4095 [1
404 4045 427 4077 υ.
443 4031 474 4076 12
492 4017 670 4092 α’χαριναίων
687 4027 707 4076 B
724 4023 736 4094 ss
747 4043 771 4076 u:
786 4031 819 4077 14
837 4021 891 4077 νόω
909 4025 996 4078 τοῦθ
1047 4021 1101 4077 νεά
1118 4043 1168 4077 τον
1185 4029 1205 4076 n
1225 4024 1237 4093 Η
1254 4028 1325 4092 qnod
1341 4027 1396 4091 post

289 4103 407 4178 α’ρχείου
424 4113 453 4162 in
470 4113 548 4162 libris
566 4111 668 4177 legitur
678 4108 728 4161 καὶ
746 4112 849 4162 deleuit
862 4112 1007 4162 Casanbon
1019 4107 1031 4178 l]
1042 4110 1214 4176 παρασιτίου
1225 4113 1289 4161 PVL
1304 4108 1317 4180 [l
1333 4129 1355 4160 α.
1369 4110 1396 4157 18

288 4196 476 4261 παρασίτειον
504 4211 574 4246 corr.
604 4196 724 4246 Dindorf
754 4213 802 4261 pro
832 4194 1004 4260 παρασίτιον
1032 4195 1045 4262 ΙΙ
1071 4214 1094 4246 α.
1117 4200 1151 4246 20
1180 4188 1286 4261 γράφει
1315 4184 1396 4249 οὕτως

200 4277 204 4286 “
289 4281 380 4331 om.B
