2950 5084
564 233 704 330 A

164 437 194 478 u.
218 417 269 481 62.
308 411 385 483 ὁδε
408 415 541 500 Κράτης
568 414 673 500 φησὶν
702 413 747 492 ως
765 410 833 480 ,ὑπὸ
855 411 914 479 τὸν
936 410 1087 498 ὁρίζοντα
1109 415 1195 496 μίξις

75 517 280 608 άμτμοτέρων
310 522 450 610 (δύσεων
478 535 507 588 οι
529 522 713 608 ἀνατολῶν)
735 529 881 608 γίνεται,
909 520 958 599 άς
975 521 1031 588 καὶ
1050 521 1196 607 Ὅμηρος

78 628 208 714 ,,ε’γγδς
222 671 264 680 -—
279 633 461 700 ue'kevfloffl
478 636 508 717 (x
524 637 592 720 86)·
618 634 690 700 ἐπεί
711 633 777 719 γάρ
799 633 879 720 παρ’
898 629 1073 717 έκείνοιςὴ
1089 629 1195 730 ἡμέρα

75 737 179 824 (δρῶν
201 743 247 822 κ’,
276 739 297 826 ἡ
321 743 358 808 δὲ
381 741 441 822 νύξ
464 745 493 812 δ
501 791 510 826 ,
540 745 776 829 συναπτούσης
798 743 880 810 ὅσον
901 740 1032 808 οὐδέπω
1054 746 1112 826 τῆς
1133 743 1195 808 δυ’-

75 855 233 936 σεωςτῇ
259 849 424 938 ἀνατολῇ,
454 850 599 937 εὐλόγως
626 858 725 920 τοῦτο
758 861 902 940 εἴρηκεν
944 857 1061 920 schol.
1090 858 1229 918 Aratu>

76 964 269 1040 phaenom.
294 985 322 1028 u.
347 965 397 1028 62.

271 1185 326 1260 VI
371 1185 615 1262 TABVLAE
641 1186 998 1263 PERGAMENAE

168 1339 182 1412 1
226 1349 311 1438 ’Άμα
334 1351 371 1417 δὲ
398 1350 488 1442 ὀροῖν
509 1345 610 1438 οὐδὲν
631 1353 767 1438 ἀκριβὲς
787 1351 863 1420 οὔτε
882 1357 1098 1438 Καλλίμαχον
1120 1350 1196 1432 οὔτε

76 1455 157 1534 τοὺς
181 1460 219 1523 έκ
237 1462 420 1546 Περγάμου
443 1463 690 1548 γραμματικοὺς
718 1463 795 1552 περί
817 1462 921 1529 αὐτοῦ
941 1466 1096 1548 (Dinarchi)
1112 1463 1197 1548 γρά-

76 1580 226 1651 ψαντας,
264 1567 349 1634 άλλά
385 1571 475 1656 παρά
511 1569 548 1638 τὸ
576 1575 683 1657 μηδὲν
712 1574 862 1652 ἐξετάσαι
891 1571 968 1658 περὶ
998 1571 1197 1637 αὐτοῦτολν
1217 1584 1247 1633 10

76 1677 598 1767 ἀκριβεστέρωνἡμαρτηκότας,
629 1679 673 1758 ὥς
700 1681 743 1767 μη
772 1683 879 1766 μόνον
902 1663 1067 1759 ἐψεῦσθαι
1084 1677 1198 1746 ,πολλοὶ

16 1875 17 1880 ¹
77 1786 167 1852 άλλά
190 1787 246 1853 καὶ
262 1789 383 1873 λόγους
397 1781 475 1868 τούς
490 1785 676 1876 οὐδὲν-μὲν
698 1790 789 1880 αὐτῷ
804 1792 1036 1877 προσήκοντας
1057 1787 1101 1867 ὡς
1116 1798 1197 1855 Λει-

78 1899 212 1984 νάρχου
234 1899 342 1988 τούτῳ
364 1906 610 1988 προστίθεσθαι
638 1899 717 1978 τούς
738 1900 770 1966 δ’
794 1899 852 1968 ὑπ’
877 1899 981 1967 αὐτοῦ
1008 1900 1198 1988 γραφέντας

77 2007 206 2092 ἑτέρων
221 2003 306 2073 εἶναι
322 2011 441 2094 λέγειν.
467 2015 610 2098 Dionys⁸
627 2015 745 2076 Halic.
763 2018 804 2077 de
820 2015 988 2077 Dinarch.
1006 2016 1117 2076 indic.
1135 2034 1160 2074 ο.
1180 2015 1194 2072 1

77 2141 106 2199 p.
126 2122 185 2182 631
206 2121 240 2182 R.
996 2193 999 2198 .
1217 2137 1249 2188 15

169 2232 189 2291 2
235 2227 319 2308 κατὰ
333 2231 578 2315 Δημοσθένους
593 2220 799 2318 παρανόμων
813 2230 979 2315 ,,είω’θατε
994 2219 1020 2295 ὦ
1035 2226 1156 2315 ἄνδρες
1166 2235 1200 2269 ·“

79 2327 182 2412 οὗτος
205 2339 243 2402 ἑν
258 2350 327 2415 τοῖς
341 2345 576 2426 Περγαμηνοῖς
596 2341 709 2421 πίναξι
724 2343 859 2428 φέρεται
875 2337 919 2418 τίς
933 2341 1197 2426 Καλλικράτους.

80 2451 233 2530 Dionys.
257 2452 345 2514 ibid.
369 2473 394 2515 ο.
421 2457 455 2514 11
481 2473 510 2533 p.
534 2455 641 2517 661.R.

167 2562 188 2622 3
236 2555 313 2622 οὔτε
333 2558 398 2644 γάρ
421 2564 633 2644 Καλλίμαχος
655 2559 732 2626 οὔτε
751 2559 995 2647 Ἀριστοφάνης
1015 2557 1098 2624 αὐτὸ
1119 2559 1199 2625 ’άνέ-

77 2678 235 2752 γραψαν,
251 2665 326 2732 ἄλλ’
340 2666 412 2733 οὐδ’
428 2670 462 2734 οί
469 2667 529 2746 τάς
542 2671 579 2764 ἐν
590 2672 760 2758 Περγάμῳ
770 2669 969 2754 ἀναγραφὰς
980 2669 1198 2753 ποιησάμενοι
1216 2678 1249 2728 20

80 2781 154 2860 (scil.
176 2775 338 2855 Ἀλέξιδος
353 2776 696 2864 άσωτοδιδάσκαλον).
733 2786 947 2845 Athenaeus
963 2783 1025 2844 vlu
1047 2803 1075 2861 p.
1098 2784 1159 2844 336
1172 2803 1196 2843 ε.

168 2891 189 2949 4
233 2885 378 2971 Ἀλκμάν
393 2889 518 2954 Λάκων
540 2888 607 2954 άπό
623 2891 781 2966 Μεσσίας
802 2889 886 2955 κατά
908 2891 945 2955 δὲ
968 2889 1028 2954 τὸν
1042 2890 1199 2974 Κράτητα

79 3000 246 3062 πταίοντά
268 2995 381 3074 Λυδὸς
403 2997 441 3064 ἐκ
464 2999 637 3084 Σάρδεων.
677 2994 812 3066 Θοίδοε
834 3025 862 3065 u.
883 2999 1071 3083 Ἀλκμάν.

225 3217 300 3296 VII
342 3222 468 3298 ΠΕΡΙ
494 3219 732 3299 ΑΤΤΙΚΗΣ
758 3223 1068 3345 ΔΙΑΛΕΚΤΟΤ

172 3471 183 3528 1
237 3464 371 3550 Κράτης
407 3465 445 3530 έν
474 3361 793 3552 δευτέρηιίῖΛττικῆς
822 3466 997 3531 διαλέκτου
1023 3467 1200 3550 θάργηλον
1216 3383 1250 3432 25

80 3555 264 3660 καλεῖσθαι
286 3573 346 3640 τὸν
369 3575 406 3640 ἐκ
429 3579 486 3660 τῆς
508 3577 713 3660 συγκομιδῆς
734 3580 869 3660 πρῶτον
883 3575 1063 3659 γινόμενον
1085 3575 1198 3661 ἄρτον.
1270 3626 1273 3632 .

79 3689 302 3750 Athenaeus
325 3689 364 3748 111
387 3708 414 3766 ρ.
443 3692 535 3750 114ο.

79 3805 323 3816 ψ...-

152 3875 178 3906 ιι.
194 3861 211 3908 3
231 3849 353 3916 ἐκείνοις
365 3859 463 3923 scripsi
476 3875 523 3922 pro
537 3849 649 3924 ἐκείνης
659 3853 672 3926 ΙΙ
683 3877 708 3909 α.
722 3862 754 3908 12
772 3865 834 3925 post
846 3852 1007 3926 Δεινάρχου
1020 3859 1082 3910 add.
1096 3858 1200 3910 Reiske

79 3933 171 4000 ὄντας
194 3937 208 4009 ll
230 3960 253 3992 α.
268 3945 299 3991 16
317 3935 492 4008 παρανόμων
510 3959 579 3994 corr.
598 3944 716 4012 Sylbnrg
733 3961 782 4010 pro
800 3938 879 4010 παρὰ
898 3939 995 4012 νόμων
1015 3941 1028 4012 Π
1055 3962 1078 3996 α.
1097 3948 1134 3994 23
1151 3959 1200 4008 pro

80 4025 228 4078 πταιόντα
243 4027 314 4090 quod
326 4027 349 4075 Δ
362 4031 391 4076 et
403 4026 462 4077 cod.
475 4027 604 4080 vatican.
619 4045 635 4078 a
646 4031 788 4080 Pearsone
805 4030 934 4080 laudatus
952 4029 1083 4081 onhibent
1127 4021 1199 4077 πτά-

82 4129 158 4164 οντα
170 4111 285 4176 uolgata
336 4105 494 4162 πτόονταΕ
546 4113 611 4162 libri
622 4113 730 4164 titulum
749 4115 868 4164 fortasse
886 4110 951 4177 περὶ
969 4111 1095 4178 ποιητῶν
1111 4112 1200 4162 latere

81 4197 246 4262 suspicatur
261 4195 423 4259 Bernhardy
463 4193 613 4261 πατρόθεν
631 4199 702 4248 coni.
717 4198 908 4248 Schneidewin
927 4198 1025 4250 delent.
1039 4211 1114 4262 pons.
1129 4195 1200 4262 eleg.

80 4301 108 4350 p.
127 4281 181 4332 238
232 4277 272 4343 τρῖ
288 4269 348 4329 ὄντι
367 4281 438 4334 coni.
457 4282 580 4331 Pearson
599 4275 642 4347 αρ’.
662 4283 809 4331 Kusterum
