2950 5084
549 275 700 367 *ιη’*

60 456 147 539 κόν,
172 456 229 522 καί
250 453 317 540 μῆν
340 456 396 520 καί
418 455 476 520 τόν
500 454 670 542 όριζοντα,
705 453 765 533 οδς
787 454 843 519 καὶ
866 455 1009 537 χαλκοῦς
1032 452 1118 534 λέγει
1141 444 1186 526 ὥς

59 567 121 632 καὶ
144 565 204 631 τὸν
227 562 375 651 οὐρανόν
402 567 555 650 χάλκεον.
602 567 638 630 οἰ
657 564 803 650 ὀμφαλοί
825 563 864 628 δέ
884 580 968 648 φασι
989 559 1067 636 τοὺς
1089 559 1186 625 ἀστέ-

60 702 126 762 ρας
149 679 363 741 αἰνίττονται.
408 675 465 770 καὶ
487 681 626 742 τοιαῦτα
647 677 710 760 μὲν
733 677 769 740 οἰ
787 670 1011 758 άλληγορηταί
1034 672 1186 754 λέγοντες

60 786 121 851 καί
145 786 196 850 ὅτι
218 789 328 863 καλῶς
350 783 500 873 οὐρανοῦ
521 789 616 872 φέρει
638 791 766 870 μίμημα
787 782 807 868 ῆ
830 787 891 848 τοῦ
912 781 1073 866 βασιλέως
1088 779 1187 856 άσπίς

60 892 104 960 δν
132 897 273 981 φθάσας
291 895 487 981 ’Όμηρος’Ι
469 919 598 980 ομματα
635 896 691 960 καί
720 893 873 980 κεφαλῆν
905 897 1018 958 ίκελον
1047 893 1110 976 ἔφη
1139 891 1219 978 τῷσ

57 1005 234 1093 Ὀλυμπιφ
255 990 323 1072 Αίί.
370 1011 498 1072 Ειιεῑιιλ
506 1012 566 1072 h
551 1031 593 1072 ιιι
616 1010 654 1072 ΙΙ
679 1011 698 1070 1.
723 1029 745 1070 s
769 1028 797 1087 p
822 1008 893 1077 828,
917 1007 968 1068 39.

151 1108 183 1198 A
207 1139 277 1198 741.
325 1134 498 1217 Μῆδεια’
482 1133 613 1217 εγένετο
633 1133 760 1218 Αἰῆτου
783 1133 845 1215 μέν
867 1129 1022 1214 θυγάτηρ
1042 1101 1187 1203 Ἰάσονος
1260 1127 1263 1134 “

64 1245 103 1308 δὲ
136 1243 235 1327 γυνῆ.
282 1241 374 1330 αὕτη
393 1243 476 1327 μετά
499 1243 561 1328 τῆν
594 1243 868 1330 άπεργασθείσαν
892 1241 929 1305 έν
951 1242 1112 1326 Κορινθφ
1134 1261 1188 1301 τε-

63 1341 272 1419 κνοκτονιάν
287 1352 398 1438 φυγάς
415 1357 461 1430 εἰς
472 1350 617 1438 Ἀθήνας
632 1352 772 1438 άφίκετο
789 1352 845 1416 καί
862 1349 1014 1434 έγαμῆθη
1030 1351 1128 1432 Αἰγεῖ
1141 1351 1187 1433 τῷ

62 1465 270 1566 Πανδίοιγος.
305 1463 404 1560 κάκεῖ
421 1465 531 1549 Θησέα
545 1462 604 1529 τόν
623 1466 656 1543 ἐξ
671 1471 804 1548 Αἰθρας
823 1461 1008 1546 γενόμενον
1023 1461 1069 1546 τῷ
1091 1461 1190 1541 Αἰγεῖ
1208 1473 1238 1523 10
1261 1446 1263 1450 ¹

64 1574 124 1639 έπί
148 1572 209 1638 τόν
230 1577 291 1638 τοῦ
313 1572 437 1659 πατρός
452 1572 713 1660 άναγνιιιρισμόν
729 1575 766 1639 έκ
787 1575 964 1658 Τροιζῆνος
979 1569 1188 1654 ἀφικόμενον

62 1683 277 1770 [πυθομένη]
309 1687 419 1770 πείθει
447 1683 506 1750 τόν
534 1664 637 1768 Αἰγέα
665 1685 846 1768 φάρμακον
869 1679 960 1768 αὐτῷ
982 1682 1101 1774 δοῦναι
1122 1684 1193 1742 θα-’

63 1794 216 1878 νάσιμον
239 1794 422 1878 ἐπίβουλον
445 1781 550 1859 αὐτοό
572 1799 629 1878 τῆς
650 1796 823 1878 βασιλείας
846 1794 986 1857 εἰποῦσα
1002 1789 1187 1875 παραγενέ-
1265 1789 1267 1791 ’

62 1911 162 1969 σθαι.
208 1903 358 1980 πεισθείς
381 1905 418 1968 δέ
440 1903 562 1988 Αἰγεὺς
585 1903 845 1990 παραγενομένῳ
867 1905 913 1989 τῷ
936 1899 1030 1966 παιδί
1053 1887 1189 1983 φάρμα-
1212 1895 1216 1902 Χ

62 2039 132 2080 κον
155 2015 297 2079 ἔδωκεν·
321 2015 500 2098 μέλλοντος
522 2016 558 2079 δέ
582 2018 779 2080 καταπίνειν
803 2009 960 2097 έπιγνοδς
982 2010 1020 2074 τό
1043 2033 1079 2074 τε
1095 2011 1189 2094 ξίφος
1210 2025 1239 2076 15
1285 1999 1289 2008 ¹

63 2125 125 2190 καί
149 2124 188 2189 τά
211 2121 409 2210 ὑποδήματα
432 2127 546 2204 (ταῦτα
567 2123 632 2210 γάρ
657 2125 695 2190 έν
721 2127 875 2254 Τροιζῆνι
897 2125 1112 2206 γνωρίσματα
1129 2144 1190 2184 κα-

63 2237 213 2320 τέλιπεν)
244 2233 282 2300 τό
309 2235 371 2318 μὲν
399 2236 580 2320 φάρμακον
608 2233 765 2320 άφείλετο
797 2229 858 2318 τῆν
881 2233 917 2298 δὲ
941 2231 1170 2315 Μῆδειανε
1121 2230 1190 2308 εἶξέ-

62 2349 154 2430 βαλε
176 2347 234 2430 τῆς
252 2345 409 2430 Ἀττικῆς.
455 2344 619 2430 οἰκῆσασα
648 2344 685 2410 δὲ
708 2343 791 2428 αὕτη
814 2343 876 2428 τῆν
900 2345 1042 2452 πλησίον
1053 2329 1211 2416 Ἤλιδος

51 2456 219 2540 Ἔφυραν
240 2455 511 2539 πολυφάρμακον
535 2457 691 2539 ἐποίησεν
715 2451 821 2538 αότῆν
845 2453 1132 2536 ἐπονομασθῆναι.
1169 2446 1190 2534 ῆ

65 2568 201 2650 ἱστορία
223 2564 314 2649 παρα
330 2565 487 2651 Κρατητι
512 2569 627 2629 schol
652 2569 725 2629 ADV
747 2569 778 2628 ΙΙ
796 2563 889 2628 Ι..ε
877 2563 927 2628 ότι
951 2563 986 2626 δὲ
1011 2561 1190 2646 πολυφάρ-
1208 2579 1241 2628 20

63 2699 176 2760 μακος
203 2674 223 2760 ῆ
254 2673 338 2740 κατά
366 2673 428 2758 τῆν
439 2673 562 2740 Ἤλιδα
583 2673 675 2760 χάρα
698 2676 798 2759 δηλοί
818 2671 835 2738 6
858 2671 964 2738 εἰπάν
989 2668 1033 2747 ὠς
1055 2672 1192 2755 Μήδεια

66 2788 104 2864 εξ
129 2784 285 2869 Ἀθηνῶν
312 2789 468 2870 φυγοῦσα
496 2787 623 2868 Αἰγέως
657 2785 752 2871 φόβῳ
785 2783 870 2848 διότι
900 2786 946 2869 τῷ
977 2788 1083 2866 Θησεῖ
1108 2779 1190 2866 αὐτῆ

65 2895 209 2989 ἐκέρασε
222 2895 402 2981 φάρμακον
417 2894 580 2980 οἰκῆσασά
595 2919 630 2960 τε
646 2893 708 2980 τῆν
724 2899 867 2980 πλησίον
877 2889 1014 2970 Ἤλιδος
1028 2891 1191 2979 Ἔφυραν,

65 3011 158 3072 ἔνθα
180 3027 248 3070 που
262 3005 318 3070 καί
334 3003 352 3070 6
366 3002 511 3088 Αὐγείας
531 2995 592 3090 ῆν,
617 3005 867 3092 πολυφάρμακα
891 3005 1026 3087 ἐποίησε
1047 3003 1088 3067 τά
1112 3003 1191 3070 ε’κεί.

66 3120 239 3181 Eustath.
263 3121 298 3180 in
321 3120 359 3180 11.
384 3119 402 3179 λ.
427 3139 448 3184 s,
473 3140 499 3198 p.
525 3119 595 3188 581,
621 3120 670 3179 529.
1209 3131 1242 3182 25

158 3247 189 3306 A
211 3249 282 3307 754.
328 3243 463 3328 Κράτης
490 3245 527 3308 δὲ
550 3245 727 3328 προκρίνει
749 3241 811 3327 τῆν
834 3233 912 3325 δίχα
931 3245 992 3305 τοῦ
1013 3251 1034 3304 ά
1055 3237 1192 3326 γραφῆν

69 3359 194 3437 (uocum
217 3351 261 3416 δι’
286 3351 444 3430 άσπιδέος
465 3359 483 3418 i.
505 3378 528 3422 e.
552 3357 655 3418 scribit
675 3350 731 3417 διά
759 3353 902 3435 σπιδέος)
926 3353 983 3416 καὶ
1006 3351 1193 3435 Ζηνόδοτος

66 3465 107 3528 δὲ
140 3475 297 3528 σνναινεί
321 3467 362 3547 τῆ
390 3464 465 3546 δίχα
494 3467 554 3528 τοῦ
576 3473 596 3527 ά
617 3467 734 3548 γραφῇ
756 3466 816 3527 καί
834 3467 917 3546 φησι
939 3463 1073 3536 σπιδέος
1094 3484 1193 3526 τουτ-

142 3671 165 3702 ιι.
175 3657 207 3703 12
220 3647 373 3720 πυθομένη
387 3653 480 3704 addidi
492 3650 504 3720 ss
515 3671 530 3702 ιι
545 3657 580 3703 26
592 3653 716 3704 consulto
730 3653 809 3703 omisi
822 3668 892 3716 quae
905 3653 934 3702 in
948 3651 1130 3721 etymologici)
1145 3667 1193 3700 an-

67 3745 121 3790 tea
135 3755 160 3803 p.
174 3739 234 3802 271,
247 3737 264 3788 8
275 3732 391 3805 Κράτης
404 3733 478 3802 λέγει
491 3726 535 3788 ότι
547 3752 633 3802 usque
647 3738 682 3788 ad
695 3737 728 3786 22
740 3734 789 3788 καί
808 3736 897 3787 ταότα
915 3729 968 3802 μέν
986 3728 1001 3786 ὁ
1019 3729 1194 3800 Ἀρίσταρχος

68 3825 304 3890 disputatum,
324 3829 387 3874 sunt
400 3825 472 3874 enim
484 3839 538 3872 non
550 3822 670 3872 Cratetis
683 3822 732 3872 sed
743 3822 898 3872 Aristarchi
910 3823 938 3872 id
956 3822 1026 3886 quod
1045 3823 1194 3871 manifeste

69 3911 190 3959 docetur
208 3914 236 3960 et
254 3909 365 3963 collatis
382 3907 498 3958 scholiis
516 3907 671 3958 Homericis
690 3911 718 3956 et
707 3907 784 3958 tt'ul
765 3909 839 3958 timis
857 3907 913 3958 illis
931 3907 1024 3956 ιιοιλιὶε
1043 3903 1194 3956 καὶταῦτα

69 4009 128 4060 μεν
146 3984 161 4042 6
174 3983 347 4058 Ἀρίσταρχος
359 3997 386 4042 et
397 4009 429 4044 eo
444 3993 533 4058 quod
525 4008 555 4041 m
567 3993 677 4042 bonot
650 4009 664 4042 e
666 3993 827 4058 tymologici
843 3993 938 4043 codice
949 3994 972 4041 V
1024 3984 1138 4056 Κράτης
1151 3985 1194 4041 λε’-

71 4094 117 4144 γει
137 4066 182 4128 ὅτι
201 4078 329 4128 omissum
349 4082 391 4128 est
406 4071 465 4144 l}
436 4071 515 4128 οιδέ
533 4071 680 4134 σπιδέοςλ
685 4071 779 4142 έγουσι
798 4071 944 4128 τουτέστιν
962 4075 1013 4126 τοῦ
1030 4067 1153 4138 άπείρον
1171 4077 1194 4124 V

71 4164 184 4215 omissis
203 4164 303 4212 ceteris
320 4156 401 4230 [γτην
424 4154 474 4213 διά
501 4161 552 4212 τοῦ
577 4161 662 4214 schol.
688 4163 759 4228 quod
782 4163 908 4212 seruauit
930 4161 1018 4210 Lehrs
1041 4161 1193 4210 Herodian.

73 4267 99 4314 p.
120 4245 171 4297 270
198 4243 211 4314 [λ
233 4265 256 4296 ιι.
276 4252 310 4296 27
328 4244 377 4298 καί
396 4247 529 4298 cancellis
546 4247 660 4298 inclusit
677 4247 766 4296 Lehrs
783 4247 801 4297 l.
821 4263 842 4296 ε.
857 4241 870 4312 ss
892 4251 955 4311 posi
974 4236 1160 4310 Ζηνόδοτος
1152 4261 1194 4294 ιιι-

73 4333 218 4399 terpungit
236 4337 264 4382 et
281 4348 332 4382 οιιι.
353 4325 385 4384 δὲ
398 4359 429 4367 -
443 4330 542 4398 γραφῇ
555 4331 664 4396 etymol.
678 4327 690 4400 {l
706 4349 729 4380 α.
744 4335 778 4383 28
791 4325 906 4390 σπιδέος
918 4328 970 4380 τοῦ
982 4320 1192 4396 άπόρονειιλιολ,
