<?xml version="1.0" encoding="UTF-8"?>
<!DOCTYPE html PUBLIC "-//W3C//DTD XHTML 1.0 Transitional//EN"
    "http://www.w3.org/TR/xhtml1/DTD/xhtml1-transitional.dtd">
<html xmlns="http://www.w3.org/1999/xhtml" xml:lang="en" lang="en">
 <head>
  <title>
</title>
<meta http-equiv="Content-Type" content="text/html;charset=utf-8" />
  <meta name='ocr-system' content='tesseract 3.04.00' />
  <meta name='ocr-capabilities' content='ocr_page ocr_carea ocr_par ocr_line ocrx_word'/>
</head>
<body>
  <div class='ocr_page' id='page_1' title='image "./decratetemallot00wachgoog_0036.png"; bbox 0 0 2950 5084; ppageno 0'>
   <div class='ocr_carea' id='block_1_1' title="bbox 78 431 1288 3280">
    <p class='ocr_par' dir='ltr' id='par_1_1' title="bbox 84 431 1265 1396">
     <span class='ocr_line' id='line_1_1' title="bbox 86 431 1206 510; baseline 0.002 -18"><span class='ocrx_word' id='word_1_1' title='bbox 86 431 256 509; x_wconf 82' lang='lat' dir='ltr'>Scrupuius</span> <span class='ocrx_word' id='word_1_2' title='bbox 275 431 363 508; x_wconf 87' lang='lat' dir='ltr'>igitur</span> <span class='ocrx_word' id='word_1_3' title='bbox 384 433 478 492; x_wconf 89' lang='lat' dir='ltr'>omnis</span> <span class='ocrx_word' id='word_1_4' title='bbox 500 451 570 494; x_wconf 79' lang='lat' dir='ltr'>rium</span> <span class='ocrx_word' id='word_1_5' title='bbox 586 432 696 494; x_wconf 73' lang='lat' dir='ltr'>Crateti</span> <span class='ocrx_word' id='word_1_6' title='bbox 712 432 924 509; x_wconf 85' lang='lat' dir='ltr'>adsignandum</span> <span class='ocrx_word' id='word_1_7' title='bbox 940 433 976 491; x_wconf 91' lang='lat' dir='ltr'>sit</span> <span class='ocrx_word' id='word_1_8' title='bbox 994 433 1206 510; x_wconf 87' lang='lat' dir='ltr'>ineptissimum</span> 
     </span>
     <span class='ocr_line' id='line_1_2' title="bbox 85 543 1207 622; baseline 0.001 -19"><span class='ocrx_word' id='word_1_9' title='bbox 85 543 161 604; x_wconf 91' lang='lat' dir='ltr'>illnd</span> <span class='ocrx_word' id='word_1_10' title='bbox 189 548 359 620; x_wconf 76' lang='lat' dir='ltr'>portentum</span> <span class='ocrx_word' id='word_1_11' title='bbox 381 543 459 620; x_wconf 93' lang='lat' dir='ltr'>quod</span> <span class='ocrx_word' id='word_1_12' title='bbox 482 545 518 604; x_wconf 91' lang='lat' dir='ltr'>ad</span> <span class='ocrx_word' id='word_1_13' title='bbox 541 547 573 606; x_wconf 87' lang='lat' dir='ltr'><em>A</em></span> <span class='ocrx_word' id='word_1_14' title='bbox 595 544 650 604; x_wconf 76' lang='lat'>591</span> <span class='ocrx_word' id='word_1_15' title='bbox 677 561 720 622; x_wconf 90' lang='lat' dir='ltr'>sq.</span> <span class='ocrx_word' id='word_1_16' title='bbox 744 543 886 620; x_wconf 74' lang='lat' dir='ltr'>adscripsi</span> <span class='ocrx_word' id='word_1_17' title='bbox 911 544 1007 602; x_wconf 89' lang='lat' dir='ltr'>animo</span> <span class='ocrx_word' id='word_1_18' title='bbox 1036 543 1207 604; x_wconf 88' lang='lat' dir='ltr'>euellendus</span> 
     </span>
     <span class='ocr_line' id='line_1_3' title="bbox 86 651 1206 732; baseline 0 -20"><span class='ocrx_word' id='word_1_19' title='bbox 86 660 149 722; x_wconf 89' lang='lat' dir='ltr'>est;</span> <span class='ocrx_word' id='word_1_20' title='bbox 181 651 355 712; x_wconf 75' lang='lat' dir='ltr'><strong>scholiastae</strong></span> <span class='ocrx_word' id='word_1_21' title='bbox 381 655 459 714; x_wconf 89' lang='lat' dir='ltr'>enirn</span> <span class='ocrx_word' id='word_1_22' title='bbox 481 655 624 732; x_wconf 90' lang='lat' dir='ltr'>Lipsiensi</span> <span class='ocrx_word' id='word_1_23' title='bbox 652 655 701 732; x_wconf 93' lang='lat' dir='ltr'>qni</span> <span class='ocrx_word' id='word_1_24' title='bbox 730 652 937 732; x_wconf 71' lang='grc' dir='ltr'><em>φιλοσοφίαν</em></span> <span class='ocrx_word' id='word_1_25' title='bbox 959 651 1134 731; x_wconf 93' lang='lat' dir='ltr'>philosopho</span> <span class='ocrx_word' id='word_1_26' title='bbox 1155 655 1206 712; x_wconf 89' lang='lat' dir='ltr'>iri·</span> 
     </span>
     <span class='ocr_line' id='line_1_4' title="bbox 84 761 1207 842; baseline -0.002 -18"><span class='ocrx_word' id='word_1_27' title='bbox 84 763 237 824; x_wconf 86' lang='lat' dir='ltr'>buendam</span> <span class='ocrx_word' id='word_1_28' title='bbox 264 781 328 823; x_wconf 91' lang='lat' dir='ltr'>esse</span> <span class='ocrx_word' id='word_1_29' title='bbox 358 765 546 825; x_wconf 70' lang='lat' dir='ltr'>ratiocinatus</span> <span class='ocrx_word' id='word_1_30' title='bbox 576 782 632 824; x_wconf 92' lang='lat' dir='ltr'>nec</span> <span class='ocrx_word' id='word_1_31' title='bbox 655 763 799 832; x_wconf 82' lang='lat' dir='ltr'>Cratetem</span> <span class='ocrx_word' id='word_1_32' title='bbox 822 761 1028 840; x_wconf 85' lang='lat' dir='ltr'>philosophum</span> <span class='ocrx_word' id='word_1_33' title='bbox 1051 763 1105 822; x_wconf 92' lang='lat' dir='ltr'>nisi</span> <span class='ocrx_word' id='word_1_34' title='bbox 1128 763 1207 842; x_wconf 80' lang='lat' dir='ltr'>cyni-</span> 
     </span>
     <span class='ocr_line' id='line_1_5' title="bbox 86 837 1265 953; baseline -0.002 -21"><span class='ocrx_word' id='word_1_35' title='bbox 86 893 157 934; x_wconf 90' lang='lat' dir='ltr'>cum</span> <span class='ocrx_word' id='word_1_36' title='bbox 181 875 329 950; x_wconf 84' lang='lat' dir='ltr'>cognitum</span> <span class='ocrx_word' id='word_1_37' title='bbox 353 873 465 934; x_wconf 90' lang='lat' dir='ltr'>hahens</span> <span class='ocrx_word' id='word_1_38' title='bbox 480 875 516 936; x_wconf 89' lang='lat' dir='ltr'>ad</span> <span class='ocrx_word' id='word_1_39' title='bbox 534 865 707 953; x_wconf 65' lang='lat' dir='ltr'>Kpoic&#39;qcoc</span> <span class='ocrx_word' id='word_1_40' title='bbox 723 891 831 937; x_wconf 87' lang='lat' dir='ltr'>nomen</span> <span class='ocrx_word' id='word_1_41' title='bbox 848 872 908 933; x_wconf 78' lang='lat' dir='ltr'>cori</span> <span class='ocrx_word' id='word_1_42' title='bbox 918 871 1076 952; x_wconf 64' lang='grc' dir='ltr'><em>Θηβαίου</em></span> <span class='ocrx_word' id='word_1_43' title='bbox 1093 873 1206 940; x_wconf 86' lang='lat' dir='ltr'>adiecit,</span> <span class='ocrx_word' id='word_1_44' title='bbox 1245 837 1265 862; x_wconf 47' lang='lat'>⁹</span> 
     </span>
     <span class='ocr_line' id='line_1_6' title="bbox 87 981 1205 1062; baseline -0.002 -18"><span class='ocrx_word' id='word_1_45' title='bbox 87 983 137 1044; x_wconf 91' lang='lat' dir='ltr'>cui</span> <span class='ocrx_word' id='word_1_46' title='bbox 149 986 293 1060; x_wconf 85' lang='lat' dir='ltr'>integram</span> <span class='ocrx_word' id='word_1_47' title='bbox 310 983 397 1046; x_wconf 83' lang='lat' dir='ltr'>fidem</span> <span class='ocrx_word' id='word_1_48' title='bbox 413 985 581 1046; x_wconf 86' lang='lat' dir='ltr'>habuerunt</span> <span class='ocrx_word' id='word_1_49' title='bbox 594 984 736 1044; x_wconf 86' lang='lat' dir='ltr'>Thiersch</span> <span class='ocrx_word' id='word_1_50' title='bbox 753 1001 781 1060; x_wconf 90' lang='lat' dir='ltr'>p.</span> <span class='ocrx_word' id='word_1_51' title='bbox 798 984 835 1045; x_wconf 85' lang='grc'>19</span> <span class='ocrx_word' id='word_1_52' title='bbox 846 1000 889 1062; x_wconf 94' lang='lat' dir='ltr'>sq.</span> <span class='ocrx_word' id='word_1_53' title='bbox 903 990 933 1044; x_wconf 90' lang='lat' dir='ltr'>et</span> <span class='ocrx_word' id='word_1_54' title='bbox 942 983 1066 1046; x_wconf 75' lang='lat' dir='ltr'>Krische</span> <span class='ocrx_word' id='word_1_55' title='bbox 1079 981 1205 1060; x_wconf 82' lang='lat' dir='ltr'>theolog.</span> 
     </span>
     <span class='ocr_line' id='line_1_7' title="bbox 87 1091 1207 1174; baseline 0 -20"><span class='ocrx_word' id='word_1_56' title='bbox 87 1115 117 1173; x_wconf 91' lang='lat' dir='ltr'>p.</span> <span class='ocrx_word' id='word_1_57' title='bbox 137 1095 208 1163; x_wconf 77' lang='grc'>215,</span> <span class='ocrx_word' id='word_1_58' title='bbox 233 1113 350 1154; x_wconf 91' lang='lat' dir='ltr'>omnem</span> <span class='ocrx_word' id='word_1_59' title='bbox 373 1113 437 1156; x_wconf 89' lang='lat' dir='ltr'>eam</span> <span class='ocrx_word' id='word_1_60' title='bbox 461 1095 660 1174; x_wconf 82' lang='lat' dir='ltr'>derogandam</span> <span class='ocrx_word' id='word_1_61' title='bbox 682 1112 745 1154; x_wconf 90' lang='lat' dir='ltr'>esse</span> <span class='ocrx_word' id='word_1_62' title='bbox 762 1095 915 1154; x_wconf 90' lang='lat' dir='ltr'>uerissime</span> <span class='ocrx_word' id='word_1_63' title='bbox 931 1093 1082 1154; x_wconf 78' lang='lat' dir='ltr'>contendit</span> <span class='ocrx_word' id='word_1_64' title='bbox 1096 1091 1207 1154; x_wconf 90' lang='lat' dir='ltr'>Mehler</span> 
     </span>
     <span class='ocr_line' id='line_1_8' title="bbox 86 1203 1207 1283; baseline -0.001 -18"><span class='ocrx_word' id='word_1_65' title='bbox 86 1208 119 1266; x_wconf 88' lang='lat' dir='ltr'>in</span> <span class='ocrx_word' id='word_1_66' title='bbox 136 1205 275 1266; x_wconf 88' lang='lat' dir='ltr'>Heraclii.</span> <span class='ocrx_word' id='word_1_67' title='bbox 294 1205 377 1283; x_wconf 87' lang='lat' dir='ltr'>alleg.</span> <span class='ocrx_word' id='word_1_68' title='bbox 394 1224 421 1283; x_wconf 93' lang='lat' dir='ltr'>p.</span> <span class='ocrx_word' id='word_1_69' title='bbox 441 1205 491 1275; x_wconf 79' lang='lat'>58,</span> <span class='ocrx_word' id='word_1_70' title='bbox 511 1225 578 1266; x_wconf 90' lang='lat' dir='ltr'>cnm</span> <span class='ocrx_word' id='word_1_71' title='bbox 601 1225 617 1266; x_wconf 91' lang='lat' dir='ltr'>a</span> <span class='ocrx_word' id='word_1_72' title='bbox 640 1206 732 1283; x_wconf 82' lang='lat' dir='ltr'>cynici</span> <span class='ocrx_word' id='word_1_73' title='bbox 754 1205 871 1282; x_wconf 85' lang='lat' dir='ltr'>ingenio</span> <span class='ocrx_word' id='word_1_74' title='bbox 890 1203 963 1264; x_wconf 90' lang='lat' dir='ltr'>tales</span> <span class='ocrx_word' id='word_1_75' title='bbox 983 1221 1080 1280; x_wconf 84' lang='lat' dir='ltr'>nugae</span> <span class='ocrx_word' id='word_1_76' title='bbox 1096 1203 1207 1266; x_wconf 88' lang='lat' dir='ltr'>mathe-</span> 
     </span>
     <span class='ocr_line' id='line_1_9' title="bbox 86 1314 791 1396; baseline 0.001 -20"><span class='ocrx_word' id='word_1_77' title='bbox 86 1317 213 1377; x_wconf 88' lang='lat' dir='ltr'>maticae</span> <span class='ocrx_word' id='word_1_78' title='bbox 235 1319 293 1376; x_wconf 89' lang='lat' dir='ltr'>sint</span> <span class='ocrx_word' id='word_1_79' title='bbox 314 1314 544 1396; x_wconf 84' lang='lat' dir='ltr'>alienissimae¹).</span> <span class='ocrx_word' id='word_1_80' title='bbox 789 1379 791 1384; x_wconf 70' lang='grc'>,</span> 
     </span>
    </p>

    <p class='ocr_par' dir='ltr' id='par_1_2' title="bbox 78 1423 1288 2824">
     <span class='ocr_line' id='line_1_10' title="bbox 175 1423 1207 1505; baseline -0.004 -19"><span class='ocrx_word' id='word_1_81' title='bbox 175 1427 232 1488; x_wconf 87' lang='lat' dir='ltr'>Par</span> <span class='ocrx_word' id='word_1_82' title='bbox 260 1445 334 1488; x_wconf 88' lang='lat' dir='ltr'>uero</span> <span class='ocrx_word' id='word_1_83' title='bbox 362 1427 415 1486; x_wconf 85' lang='lat' dir='ltr'>luit</span> <span class='ocrx_word' id='word_1_84' title='bbox 443 1434 562 1505; x_wconf 88' lang='lat' dir='ltr'>poetam</span> <span class='ocrx_word' id='word_1_85' title='bbox 590 1427 639 1505; x_wconf 92' lang='lat' dir='ltr'>qui</span> <span class='ocrx_word' id='word_1_86' title='bbox 660 1425 731 1486; x_wconf 92' lang='lat' dir='ltr'>nihii</span> <span class='ocrx_word' id='word_1_87' title='bbox 754 1443 814 1486; x_wconf 91' lang='lat' dir='ltr'>non</span> <span class='ocrx_word' id='word_1_88' title='bbox 837 1431 917 1498; x_wconf 86' lang='lat' dir='ltr'>certo</span> <span class='ocrx_word' id='word_1_89' title='bbox 941 1424 1066 1485; x_wconf 85' lang='lat' dir='ltr'>docendi</span> <span class='ocrx_word' id='word_1_90' title='bbox 1088 1423 1207 1484; x_wconf 87' lang='lat' dir='ltr'>consilio</span> 
     </span>
     <span class='ocr_line' id='line_1_11' title="bbox 87 1535 1207 1616; baseline -0.004 -18"><span class='ocrx_word' id='word_1_91' title='bbox 87 1537 210 1598; x_wconf 81' lang='lat' dir='ltr'>dixisset</span> <span class='ocrx_word' id='word_1_92' title='bbox 231 1555 376 1616; x_wconf 87' lang='lat' dir='ltr'>nusquam</span> <span class='ocrx_word' id='word_1_93' title='bbox 396 1539 603 1615; x_wconf 82' lang='lat' dir='ltr'>pronuntiasse</span> <span class='ocrx_word' id='word_1_94' title='bbox 629 1555 704 1614; x_wconf 92' lang='lat' dir='ltr'>quae</span> <span class='ocrx_word' id='word_1_95' title='bbox 726 1535 864 1615; x_wconf 83' lang='lat' dir='ltr'>physicae</span> <span class='ocrx_word' id='word_1_96' title='bbox 881 1535 966 1596; x_wconf 90' lang='lat' dir='ltr'>aliiue</span> <span class='ocrx_word' id='word_1_97' title='bbox 986 1535 1137 1595; x_wconf 88' lang='lat' dir='ltr'>doctrinae</span> <span class='ocrx_word' id='word_1_98' title='bbox 1157 1551 1207 1598; x_wconf 89' lang='lat' dir='ltr'>ne·</span> 
     </span>
     <span class='ocr_line' id='line_1_12' title="bbox 87 1639 1207 1726; baseline -0.001 -19"><span class='ocrx_word' id='word_1_99' title='bbox 87 1647 161 1707; x_wconf 94' lang='lat' dir='ltr'>dum</span> <span class='ocrx_word' id='word_1_100' title='bbox 190 1666 266 1726; x_wconf 90' lang='lat' dir='ltr'>quae</span> <span class='ocrx_word' id='word_1_101' title='bbox 290 1666 378 1711; x_wconf 89' lang='lat' dir='ltr'>sanae</span> <span class='ocrx_word' id='word_1_102' title='bbox 403 1649 508 1708; x_wconf 87' lang='lat' dir='ltr'>rationi</span> <span class='ocrx_word' id='word_1_103' title='bbox 536 1646 586 1708; x_wconf 87' lang='lat' dir='ltr'>uel</span> <span class='ocrx_word' id='word_1_104' title='bbox 612 1647 743 1706; x_wconf 84' lang='lat' dir='ltr'>honestis</span> <span class='ocrx_word' id='word_1_105' title='bbox 770 1646 902 1706; x_wconf 89' lang='lat' dir='ltr'>moribus</span> <span class='ocrx_word' id='word_1_106' title='bbox 924 1639 1140 1725; x_wconf 67' lang='lat' dir='ltr'>repugnarent:</span> <span class='ocrx_word' id='word_1_107' title='bbox 1174 1665 1207 1706; x_wconf 87' lang='lat' dir='ltr'>ea</span> 
     </span>
     <span class='ocr_line' id='line_1_13' title="bbox 78 1742 1209 1836; baseline -0.004 -18"><span class='ocrx_word' id='word_1_108' title='bbox 78 1742 179 1836; x_wconf 77' lang='lat' dir='ltr'>¹igitur</span> <span class='ocrx_word' id='word_1_109' title='bbox 195 1760 291 1818; x_wconf 87' lang='lat' dir='ltr'>omnia</span> <span class='ocrx_word' id='word_1_110' title='bbox 307 1760 336 1818; x_wconf 92' lang='lat' dir='ltr'>in</span> <span class='ocrx_word' id='word_1_111' title='bbox 356 1758 463 1836; x_wconf 90' lang='lat' dir='ltr'>quihus</span> <span class='ocrx_word' id='word_1_112' title='bbox 484 1764 606 1835; x_wconf 91' lang='lat' dir='ltr'>propter</span> <span class='ocrx_word' id='word_1_113' title='bbox 629 1757 682 1817; x_wconf 87' lang='lat' dir='ltr'>has</span> <span class='ocrx_word' id='word_1_114' title='bbox 700 1775 817 1816; x_wconf 82' lang='lat' dir='ltr'>caussas</span> <span class='ocrx_word' id='word_1_115' title='bbox 838 1757 1045 1818; x_wconf 81' lang='lat' dir='ltr'>offendendum</span> <span class='ocrx_word' id='word_1_116' title='bbox 1064 1763 1140 1816; x_wconf 89' lang='lat' dir='ltr'>esset</span> <span class='ocrx_word' id='word_1_117' title='bbox 1161 1755 1209 1816; x_wconf 90' lang='lat' dir='ltr'>uel</span> 
     </span>
     <span class='ocr_line' id='line_1_14' title="bbox 87 1852 1208 1952; baseline -0.002 -24"><span class='ocrx_word' id='word_1_118' title='bbox 87 1868 213 1928; x_wconf 88' lang='lat' dir='ltr'>artificio</span> <span class='ocrx_word' id='word_1_119' title='bbox 246 1869 457 1946; x_wconf 88' lang='lat' dir='ltr'>interpretandi</span> <span class='ocrx_word' id='word_1_120' title='bbox 491 1867 647 1945; x_wconf 83' lang='lat' dir='ltr'>allegorica</span> <span class='ocrx_word' id='word_1_121' title='bbox 670 1854 863 1952; x_wconf 72' lang='lat' dir='ltr'>vpotissimum</span> <span class='ocrx_word' id='word_1_122' title='bbox 890 1867 1131 1945; x_wconf 74' lang='lat' dir='ltr'>interpretatione</span> <span class='ocrx_word' id='word_1_123' title='bbox 1157 1852 1208 1926; x_wconf 87' lang='lat' dir='ltr'>ad·</span> 
     </span>
     <span class='ocr_line' id='line_1_15' title="bbox 88 1975 1208 2058; baseline -0.004 -20"><span class='ocrx_word' id='word_1_124' title='bbox 88 1975 225 2057; x_wconf 62' lang='grc'>1013112)</span> <span class='ocrx_word' id='word_1_125' title='bbox 247 1978 295 2039; x_wconf 93' lang='lat' dir='ltr'>uei</span> <span class='ocrx_word' id='word_1_126' title='bbox 314 1979 498 2039; x_wconf 90' lang='lat' dir='ltr'>emendando</span> <span class='ocrx_word' id='word_1_127' title='bbox 519 1977 634 2039; x_wconf 80' lang='lat' dir='ltr'>sustulit</span> <span class='ocrx_word' id='word_1_128' title='bbox 655 1977 762 2042; x_wconf 83' lang='lat' dir='ltr'>Grates.</span> <span class='ocrx_word' id='word_1_129' title='bbox 807 1977 840 2038; x_wconf 93' lang='lat' dir='ltr'>ld</span> <span class='ocrx_word' id='word_1_130' title='bbox 858 1977 936 2058; x_wconf 92' lang='lat' dir='ltr'>quod</span> <span class='ocrx_word' id='word_1_131' title='bbox 959 1975 1122 2037; x_wconf 89' lang='lat' dir='ltr'>luculenter</span> <span class='ocrx_word' id='word_1_132' title='bbox 1139 1994 1208 2053; x_wconf 90' lang='lat' dir='ltr'>pro-</span> 
     </span>
     <span class='ocr_line' id='line_1_16' title="bbox 87 2065 1276 2168; baseline -0.003 -20"><span class='ocrx_word' id='word_1_133' title='bbox 87 2089 180 2148; x_wconf 85' lang='lat' dir='ltr'>batur</span> <span class='ocrx_word' id='word_1_134' title='bbox 203 2090 244 2149; x_wconf 90' lang='lat' dir='ltr'>cis</span> <span class='ocrx_word' id='word_1_135' title='bbox 268 2107 342 2168; x_wconf 87' lang='lat' dir='ltr'>quae</span> <span class='ocrx_word' id='word_1_136' title='bbox 365 2089 507 2167; x_wconf 81' lang='lat' dir='ltr'>adscripsi</span> <span class='ocrx_word' id='word_1_137' title='bbox 529 2065 564 2150; x_wconf 83' lang='lat' dir='ltr'>ad</span> <span class='ocrx_word' id='word_1_138' title='bbox 589 2091 624 2148; x_wconf 88' lang='grc' dir='ltr'><em>Σ</em></span> <span class='ocrx_word' id='word_1_139' title='bbox 645 2087 702 2148; x_wconf 82' lang='grc'>192</span> <span class='ocrx_word' id='word_1_140' title='bbox 725 2087 858 2148; x_wconf 84' lang='lat' dir='ltr'>hilariter</span> <span class='ocrx_word' id='word_1_141' title='bbox 881 2107 914 2148; x_wconf 90' lang='lat' dir='ltr'>ea</span> <span class='ocrx_word' id='word_1_142' title='bbox 938 2105 953 2146; x_wconf 91' lang='lat' dir='ltr'>a</span> <span class='ocrx_word' id='word_1_143' title='bbox 972 2085 1078 2146; x_wconf 82' lang='lat' dir='ltr'>Wolfio</span> <span class='ocrx_word' id='word_1_144' title='bbox 1094 2086 1207 2166; x_wconf 74' lang='lat' dir='ltr'>proleg.</span> <span class='ocrx_word' id='word_1_145' title='bbox 1274 2075 1276 2080; x_wconf 65' lang='grc'><strong>’</strong></span> 
     </span>
     <span class='ocr_line' id='line_1_17' title="bbox 88 2197 1209 2277; baseline -0.004 -17"><span class='ocrx_word' id='word_1_146' title='bbox 88 2200 210 2272; x_wconf 89' lang='lat' dir='ltr'>llomer.</span> <span class='ocrx_word' id='word_1_147' title='bbox 232 2218 261 2277; x_wconf 93' lang='lat' dir='ltr'>p.</span> <span class='ocrx_word' id='word_1_148' title='bbox 287 2199 447 2260; x_wconf 85' lang='lat' dir='ltr'>CCLXXIX</span> <span class='ocrx_word' id='word_1_149' title='bbox 470 2205 530 2259; x_wconf 93' lang='lat' dir='ltr'>not.</span> <span class='ocrx_word' id='word_1_150' title='bbox 554 2197 594 2260; x_wconf 76' lang='lat'>68</span> <span class='ocrx_word' id='word_1_151' title='bbox 616 2200 714 2270; x_wconf 87' lang='lat' dir='ltr'>irrisa,</span> <span class='ocrx_word' id='word_1_152' title='bbox 738 2199 775 2258; x_wconf 83' lang='lat' dir='ltr'>ad</span> <span class='ocrx_word' id='word_1_153' title='bbox 797 2198 816 2257; x_wconf 81' lang='lat' dir='ltr'>i</span> <span class='ocrx_word' id='word_1_154' title='bbox 840 2197 971 2258; x_wconf 76' lang='grc'>311111</span> <span class='ocrx_word' id='word_1_155' title='bbox 992 2197 1209 2257; x_wconf 87' lang='lat' dir='ltr'>neinierorum</span> 
     </span>
     <span class='ocr_line' id='line_1_18' title="bbox 88 2287 1235 2390; baseline -0.005 -20"><span class='ocrx_word' id='word_1_156' title='bbox 88 2303 180 2370; x_wconf 85' lang='lat' dir='ltr'>iudex</span> <span class='ocrx_word' id='word_1_157' title='bbox 212 2303 390 2390; x_wconf 78' lang='grc' dir='ltr'><em>ὀλοόφρων</em></span> <span class='ocrx_word' id='word_1_158' title='bbox 418 2287 498 2370; x_wconf 83' lang='lat' dir='ltr'>essct</span> <span class='ocrx_word' id='word_1_159' title='bbox 517 2310 591 2370; x_wconf 93' lang='lat' dir='ltr'>duos</span> <span class='ocrx_word' id='word_1_160' title='bbox 613 2327 677 2370; x_wconf 88' lang='lat' dir='ltr'>csse</span> <span class='ocrx_word' id='word_1_161' title='bbox 697 2309 810 2369; x_wconf 87' lang='lat' dir='ltr'>Minoas</span> <span class='ocrx_word' id='word_1_162' title='bbox 827 2309 923 2379; x_wconf 82' lang='lat' dir='ltr'>finxit,</span> <span class='ocrx_word' id='word_1_163' title='bbox 947 2305 968 2368; x_wconf 86' lang='lat' dir='ltr'>d</span> <span class='ocrx_word' id='word_1_164' title='bbox 988 2307 1045 2386; x_wconf 84' lang='grc'>611</span> <span class='ocrx_word' id='word_1_165' title='bbox 1069 2306 1119 2367; x_wconf 91' lang='lat' dir='ltr'>ubi</span> <span class='ocrx_word' id='word_1_166' title='bbox 1142 2306 1209 2366; x_wconf 91' lang='lat' dir='ltr'>reli·</span> <span class='ocrx_word' id='word_1_167' title='bbox 1233 2361 1235 2364; x_wconf 84' lang='lat'>.</span> 
     </span>
     <span class='ocr_line' id='line_1_19' title="bbox 89 2399 1209 2498; baseline -0.004 -18"><span class='ocrx_word' id='word_1_168' title='bbox 89 2422 172 2498; x_wconf 84' lang='lat' dir='ltr'>gioni</span> <span class='ocrx_word' id='word_1_169' title='bbox 201 2421 312 2482; x_wconf 88' lang='lat' dir='ltr'>ducens</span> <span class='ocrx_word' id='word_1_170' title='bbox 337 2419 415 2498; x_wconf 92' lang='lat' dir='ltr'>qnod</span> <span class='ocrx_word' id='word_1_171' title='bbox 444 2421 531 2479; x_wconf 90' lang='lat' dir='ltr'>nimis</span> <span class='ocrx_word' id='word_1_172' title='bbox 554 2419 647 2480; x_wconf 87' lang='lat' dir='ltr'>libere</span> <span class='ocrx_word' id='word_1_173' title='bbox 665 2418 859 2480; x_wconf 87' lang='lat' dir='ltr'>Telemachus</span> <span class='ocrx_word' id='word_1_174' title='bbox 880 2417 1044 2479; x_wconf 81' lang='lat' dir='ltr'>Menelaum</span> <span class='ocrx_word' id='word_1_175' title='bbox 1065 2399 1209 2494; x_wconf 86' lang='lat' dir='ltr'>hospitem</span> 
     </span>
     <span class='ocr_line' id='line_1_20' title="bbox 88 2523 1208 2609; baseline -0.004 -18"><span class='ocrx_word' id='word_1_176' title='bbox 88 2531 204 2591; x_wconf 89' lang='lat' dir='ltr'>donum</span> <span class='ocrx_word' id='word_1_177' title='bbox 226 2537 360 2607; x_wconf 78' lang='lat' dir='ltr'>rogasset</span> <span class='ocrx_word' id='word_1_178' title='bbox 378 2548 433 2608; x_wconf 89' lang='lat' dir='ltr'>pro</span> <span class='ocrx_word' id='word_1_179' title='bbox 451 2524 595 2609; x_wconf 76' lang='grc' dir='ltr'><em>ἀγαθοῖο</em></span> <span class='ocrx_word' id='word_1_180' title='bbox 615 2531 732 2608; x_wconf 81' lang='lat' dir='ltr'>scripsit</span> <span class='ocrx_word' id='word_1_181' title='bbox 751 2523 872 2600; x_wconf 82' lang='grc' dir='ltr'><em>ὀλοοῖο,</em></span> <span class='ocrx_word' id='word_1_182' title='bbox 893 2529 938 2589; x_wconf 89' lang='lat' dir='ltr'><em>M</em></span> <span class='ocrx_word' id='word_1_183' title='bbox 953 2529 992 2588; x_wconf 85' lang='lat'>25</span> <span class='ocrx_word' id='word_1_184' title='bbox 1015 2527 1066 2588; x_wconf 90' lang='lat' dir='ltr'>uhi</span> <span class='ocrx_word' id='word_1_185' title='bbox 1087 2527 1208 2587; x_wconf 88' lang='lat' dir='ltr'>deorum</span> 
     </span>
     <span class='ocr_line' id='line_1_21' title="bbox 88 2638 1288 2719; baseline -0.003 -20"><span class='ocrx_word' id='word_1_186' title='bbox 88 2641 203 2719; x_wconf 85' lang='lat' dir='ltr'>gloriae</span> <span class='ocrx_word' id='word_1_187' title='bbox 229 2639 426 2702; x_wconf 85' lang='lat' dir='ltr'>auxiliandum</span> <span class='ocrx_word' id='word_1_188' title='bbox 450 2658 513 2700; x_wconf 90' lang='lat' dir='ltr'>esse</span> <span class='ocrx_word' id='word_1_189' title='bbox 535 2641 658 2718; x_wconf 84' lang='lat' dir='ltr'>putauit,</span> <span class='ocrx_word' id='word_1_190' title='bbox 677 2640 802 2718; x_wconf 86' lang='lat' dir='ltr'>deniqne</span> <span class='ocrx_word' id='word_1_191' title='bbox 820 2639 925 2711; x_wconf 70' lang='lat'>2488</span> <span class='ocrx_word' id='word_1_192' title='bbox 943 2639 994 2700; x_wconf 90' lang='lat' dir='ltr'>uhi</span> <span class='ocrx_word' id='word_1_193' title='bbox 1015 2638 1210 2698; x_wconf 89' lang='lat' dir='ltr'>astronomiae</span> <span class='ocrx_word' id='word_1_194' title='bbox 1285 2709 1288 2712; x_wconf 21' lang='grc' dir='ltr'>Ι</span> 
     </span>
     <span class='ocr_line' id='line_1_22' title="bbox 88 2748 1160 2824; baseline -0.007 -12"><span class='ocrx_word' id='word_1_195' title='bbox 88 2758 223 2812; x_wconf 83' lang='lat' dir='ltr'>exactam</span> <span class='ocrx_word' id='word_1_196' title='bbox 247 2752 395 2812; x_wconf 88' lang='lat' dir='ltr'>scientiam</span> <span class='ocrx_word' id='word_1_197' title='bbox 419 2752 548 2811; x_wconf 90' lang='lat' dir='ltr'>Homero</span> <span class='ocrx_word' id='word_1_198' title='bbox 571 2751 619 2811; x_wconf 91' lang='lat' dir='ltr'>uei</span> <span class='ocrx_word' id='word_1_199' title='bbox 638 2751 822 2810; x_wconf 87' lang='lat' dir='ltr'>correctione</span> <span class='ocrx_word' id='word_1_200' title='bbox 845 2749 972 2810; x_wconf 88' lang='lat' dir='ltr'>adhibita</span> <span class='ocrx_word' id='word_1_201' title='bbox 995 2748 1160 2824; x_wconf 84' lang='lat' dir='ltr'>insiquauit.</span> 
     </span>
    </p>

    <p class='ocr_par' dir='ltr' id='par_1_3' title="bbox 89 2857 1211 3280">
     <span class='ocr_line' id='line_1_23' title="bbox 178 2857 1210 2922; baseline -0.006 0"><span class='ocrx_word' id='word_1_202' title='bbox 178 2863 288 2922; x_wconf 89' lang='lat' dir='ltr'>Eadem</span> <span class='ocrx_word' id='word_1_203' title='bbox 311 2868 408 2922; x_wconf 91' lang='lat' dir='ltr'>autem</span> <span class='ocrx_word' id='word_1_204' title='bbox 437 2860 675 2922; x_wconf 86' lang='lat' dir='ltr'>rationc·Crates</span> <span class='ocrx_word' id='word_1_205' title='bbox 702 2867 838 2921; x_wconf 88' lang='lat' dir='ltr'>uersatus</span> <span class='ocrx_word' id='word_1_206' title='bbox 867 2861 962 2920; x_wconf 91' lang='lat' dir='ltr'>estin</span> <span class='ocrx_word' id='word_1_207' title='bbox 985 2857 1210 2920; x_wconf 86' lang='lat' dir='ltr'>commentando</span> 
     </span>
     <span class='ocr_line' id='line_1_24' title="bbox 89 2968 1208 3052; baseline -0.006 -18"><span class='ocrx_word' id='word_1_208' title='bbox 89 2974 221 3034; x_wconf 88' lang='lat' dir='ltr'>Hesiodo</span> <span class='ocrx_word' id='word_1_209' title='bbox 235 2975 328 3052; x_wconf 37' lang='lat' dir='ltr'>,cuius</span> <span class='ocrx_word' id='word_1_210' title='bbox 344 2972 441 3049; x_wconf 85' lang='lat' dir='ltr'>theog.</span> <span class='ocrx_word' id='word_1_211' title='bbox 457 2992 484 3032; x_wconf 89' lang='lat' dir='ltr'>u.</span> <span class='ocrx_word' id='word_1_212' title='bbox 504 2972 680 3032; x_wconf 74' lang='lat' dir='ltr'>litteriis</span> <span class='ocrx_word' id='word_1_213' title='bbox 700 2973 859 3031; x_wconf 91' lang='lat' dir='ltr'>stoicorum</span> <span class='ocrx_word' id='word_1_214' title='bbox 883 2970 929 3050; x_wconf 87' lang='lat' dir='ltr'>(cl.</span> <span class='ocrx_word' id='word_1_215' title='bbox 948 2969 1023 3030; x_wconf 89' lang='lat' dir='ltr'>Piut.</span> <span class='ocrx_word' id='word_1_216' title='bbox 1046 2969 1120 3047; x_wconf 92' lang='lat' dir='ltr'>piac.</span> <span class='ocrx_word' id='word_1_217' title='bbox 1139 2968 1208 3049; x_wconf 89' lang='lat' dir='ltr'>phil.</span> 
     </span>
     <span class='ocr_line' id='line_1_25' title="bbox 89 3080 1210 3161; baseline -0.004 -17"><span class='ocrx_word' id='word_1_218' title='bbox 89 3084 140 3153; x_wconf 92' lang='lat' dir='ltr'>ill,</span> <span class='ocrx_word' id='word_1_219' title='bbox 166 3086 218 3153; x_wconf 90' lang='grc'>10,</span> <span class='ocrx_word' id='word_1_220' title='bbox 244 3083 256 3142; x_wconf 92' lang='grc'>1</span> <span class='ocrx_word' id='word_1_221' title='bbox 283 3081 384 3143; x_wconf 88' lang='lat' dir='ltr'>Galen.</span> <span class='ocrx_word' id='word_1_222' title='bbox 408 3083 474 3142; x_wconf 91' lang='lat' dir='ltr'>hist.</span> <span class='ocrx_word' id='word_1_223' title='bbox 496 3083 565 3161; x_wconf 88' lang='lat' dir='ltr'>phil.</span> <span class='ocrx_word' id='word_1_224' title='bbox 595 3082 688 3152; x_wconf 84' lang='lat' dir='ltr'>Xllll‚·</span> <span class='ocrx_word' id='word_1_225' title='bbox 718 3101 746 3160; x_wconf 91' lang='lat' dir='ltr'>p.</span> <span class='ocrx_word' id='word_1_226' title='bbox 773 3080 833 3142; x_wconf 80' lang='lat'>293</span> <span class='ocrx_word' id='word_1_227' title='bbox 854 3081 981 3160; x_wconf 83' lang='lat' dir='ltr'>liuehn.)</span> <span class='ocrx_word' id='word_1_228' title='bbox 1008 3085 1119 3140; x_wconf 90' lang='lat' dir='ltr'>terram</span> <span class='ocrx_word' id='word_1_229' title='bbox 1147 3097 1210 3140; x_wconf 89' lang='lat' dir='ltr'>csse</span> 
     </span>
     <span class='ocr_line' id='line_1_26' title="bbox 90 3191 1211 3280; baseline -0.005 -26"><span class='ocrx_word' id='word_1_230' title='bbox 90 3194 248 3272; x_wconf 83' lang='lat' dir='ltr'>globosam</span> <span class='ocrx_word' id='word_1_231' title='bbox 267 3195 438 3254; x_wconf 89' lang='lat' dir='ltr'>docentium</span> <span class='ocrx_word' id='word_1_232' title='bbox 461 3194 612 3255; x_wconf 89' lang='lat' dir='ltr'>decretum</span> <span class='ocrx_word' id='word_1_233' title='bbox 640 3194 761 3271; x_wconf 82' lang='lat' dir='ltr'>ingessit</span> <span class='ocrx_word' id='word_1_234' title='bbox 783 3192 908 3252; x_wconf 87' lang='lat' dir='ltr'>Zenonis</span> <span class='ocrx_word' id='word_1_235' title='bbox 930 3191 1054 3268; x_wconf 87' lang='lat' dir='ltr'>uestigia</span> <span class='ocrx_word' id='word_1_236' title='bbox 1073 3207 1211 3280; x_wconf 90' lang='lat' dir='ltr'>premens</span> 
     </span>
    </p>
   </div>
   <div class='ocr_carea' id='block_1_2' title="bbox 88 3445 1265 4206">
    <p class='ocr_par' dir='ltr' id='par_1_4' title="bbox 89 3445 1265 4038">
     <span class='ocr_line' id='line_1_27' title="bbox 180 3445 1265 3530; baseline -0.005 -16"><span class='ocrx_word' id='word_1_237' title='bbox 180 3465 204 3530; x_wconf 89' lang='lat' dir='ltr'>i)</span> <span class='ocrx_word' id='word_1_238' title='bbox 229 3467 299 3516; x_wconf 91' lang='lat' dir='ltr'>Vide</span> <span class='ocrx_word' id='word_1_239' title='bbox 324 3467 362 3515; x_wconf 89' lang='lat' dir='ltr'>sis</span> <span class='ocrx_word' id='word_1_240' title='bbox 387 3445 421 3515; x_wconf 79' lang='lat' dir='ltr'>aa</span> <span class='ocrx_word' id='word_1_241' title='bbox 445 3481 515 3530; x_wconf 88' lang='lat' dir='ltr'>quae</span> <span class='ocrx_word' id='word_1_242' title='bbox 540 3465 573 3514; x_wconf 93' lang='lat' dir='ltr'>de</span> <span class='ocrx_word' id='word_1_243' title='bbox 598 3465 703 3528; x_wconf 87' lang='lat' dir='ltr'>cynicis</span> <span class='ocrx_word' id='word_1_244' title='bbox 727 3463 868 3528; x_wconf 73' lang='lat' dir='ltr'>disputasti</span> <span class='ocrx_word' id='word_1_245' title='bbox 890 3462 933 3512; x_wconf 93' lang='lat' dir='ltr'>De</span> <span class='ocrx_word' id='word_1_246' title='bbox 962 3461 1077 3511; x_wconf 86' lang='lat' dir='ltr'>Timone</span> <span class='ocrx_word' id='word_1_247' title='bbox 1107 3465 1160 3510; x_wconf 88' lang='lat' dir='ltr'>eto.</span> <span class='ocrx_word' id='word_1_248' title='bbox 1184 3477 1210 3525; x_wconf 91' lang='lat' dir='ltr'>p.</span> <span class='ocrx_word' id='word_1_249' title='bbox 1259 3504 1265 3518; x_wconf 79' lang='grc'><em>,</em></span> 
     </span>
     <span class='ocr_line' id='line_1_28' title="bbox 89 3545 1209 3616; baseline -0.007 -15"><span class='ocrx_word' id='word_1_250' title='bbox 89 3551 125 3602; x_wconf 82' lang='grc'>33</span> <span class='ocrx_word' id='word_1_251' title='bbox 145 3566 185 3615; x_wconf 89' lang='lat' dir='ltr'>sq.</span> <span class='ocrx_word' id='word_1_252' title='bbox 220 3551 344 3616; x_wconf 87' lang='lat' dir='ltr'>Namque</span> <span class='ocrx_word' id='word_1_253' title='bbox 372 3555 401 3600; x_wconf 89' lang='lat' dir='ltr'>ut</span> <span class='ocrx_word' id='word_1_254' title='bbox 428 3551 540 3613; x_wconf 88' lang='lat' dir='ltr'>cynicos</span> <span class='ocrx_word' id='word_1_255' title='bbox 568 3549 747 3615; x_wconf 83' lang='lat' dir='ltr'>allegoricam</span> <span class='ocrx_word' id='word_1_256' title='bbox 773 3547 974 3612; x_wconf 87' lang='lat' dir='ltr'>interpretandi</span> <span class='ocrx_word' id='word_1_257' title='bbox 999 3546 1135 3594; x_wconf 88' lang='lat' dir='ltr'>rationem</span> <span class='ocrx_word' id='word_1_258' title='bbox 1162 3545 1209 3594; x_wconf 86' lang='lat' dir='ltr'>ad-</span> 
     </span>
     <span class='ocr_line' id='line_1_29' title="bbox 89 3630 1209 3698; baseline -0.007 -12"><span class='ocrx_word' id='word_1_259' title='bbox 89 3635 200 3686; x_wconf 87' lang='lat' dir='ltr'>misisse</span> <span class='ocrx_word' id='word_1_260' title='bbox 220 3640 329 3687; x_wconf 85' lang='lat' dir='ltr'>eoustat</span> <span class='ocrx_word' id='word_1_261' title='bbox 348 3641 376 3686; x_wconf 86' lang='lat' dir='ltr'>et</span> <span class='ocrx_word' id='word_1_262' title='bbox 393 3634 474 3686; x_wconf 90' lang='lat' dir='ltr'>Dion.</span> <span class='ocrx_word' id='word_1_263' title='bbox 488 3633 713 3698; x_wconf 70' lang='lat' dir='ltr'>ChrysthHI,</span> <span class='ocrx_word' id='word_1_264' title='bbox 732 3633 748 3680; x_wconf 88' lang='grc'>4</span> <span class='ocrx_word' id='word_1_265' title='bbox 765 3632 924 3682; x_wconf 86' lang='lat' dir='ltr'>testimonio</span> <span class='ocrx_word' id='word_1_266' title='bbox 941 3655 975 3664; x_wconf 86' lang='lat'><em>-</em></span> <span class='ocrx_word' id='word_1_267' title='bbox 994 3630 1117 3695; x_wconf 82' lang='lat' dir='ltr'>argutius</span> <span class='ocrx_word' id='word_1_268' title='bbox 1135 3630 1209 3678; x_wconf 82' lang='lat' dir='ltr'>enim</span> 
     </span>
     <span class='ocr_line' id='line_1_30' title="bbox 90 3702 1208 3786; baseline -0.01 -16"><span class='ocrx_word' id='word_1_269' title='bbox 90 3737 174 3786; x_wconf 79' lang='lat' dir='ltr'>quam</span> <span class='ocrx_word' id='word_1_270' title='bbox 198 3722 290 3770; x_wconf 89' lang='lat' dir='ltr'>uerius</span> <span class='ocrx_word' id='word_1_271' title='bbox 313 3721 346 3770; x_wconf 90' lang='lat' dir='ltr'>de</span> <span class='ocrx_word' id='word_1_272' title='bbox 371 3736 403 3770; x_wconf 89' lang='lat' dir='ltr'>eo</span> <span class='ocrx_word' id='word_1_273' title='bbox 427 3719 580 3784; x_wconf 80' lang='lat' dir='ltr'>disputauIt</span> <span class='ocrx_word' id='word_1_274' title='bbox 598 3719 704 3766; x_wconf 84' lang='lat' dir='ltr'>Vsener</span> <span class='ocrx_word' id='word_1_275' title='bbox 728 3720 834 3780; x_wconf 88' lang='lat' dir='ltr'>quaest.</span> <span class='ocrx_word' id='word_1_276' title='bbox 858 3716 982 3766; x_wconf 79' lang='lat' dir='ltr'>Anaxim.</span> <span class='ocrx_word' id='word_1_277' title='bbox 1002 3731 1027 3779; x_wconf 91' lang='lat' dir='ltr'>p.</span> <span class='ocrx_word' id='word_1_278' title='bbox 1050 3713 1123 3764; x_wconf 82' lang='lat'>1511.</span> <span class='ocrx_word' id='word_1_279' title='bbox 1142 3702 1208 3760; x_wconf 80' lang='lat'>4&#39;-</span> 
     </span>
     <span class='ocr_line' id='line_1_31' title="bbox 91 3784 1209 3870; baseline -0.008 -15"><span class='ocrx_word' id='word_1_280' title='bbox 91 3811 120 3855; x_wconf 87' lang='lat' dir='ltr'>et</span> <span class='ocrx_word' id='word_1_281' title='bbox 139 3806 274 3870; x_wconf 82' lang='lat' dir='ltr'>Diogenis</span> <span class='ocrx_word' id='word_1_282' title='bbox 292 3805 408 3854; x_wconf 87' lang='lat' dir='ltr'>Medeae</span> <span class='ocrx_word' id='word_1_283' title='bbox 426 3804 530 3869; x_wconf 83' lang='lat' dir='ltr'>uigoris</span> <span class='ocrx_word' id='word_1_284' title='bbox 549 3802 668 3852; x_wconf 87' lang='lat' dir='ltr'>restituti</span> <span class='ocrx_word' id='word_1_285' title='bbox 687 3806 799 3851; x_wconf 86' lang='lat' dir='ltr'>seruata</span> <span class='ocrx_word' id='word_1_286' title='bbox 812 3817 828 3850; x_wconf 88' lang='lat' dir='ltr'>a</span> <span class='ocrx_word' id='word_1_287' title='bbox 842 3800 961 3850; x_wconf 80' lang='lat' dir='ltr'>Stobaco</span> <span class='ocrx_word' id='word_1_288' title='bbox 974 3815 1054 3849; x_wconf 87' lang='lat' dir='ltr'>serm.</span> <span class='ocrx_word' id='word_1_289' title='bbox 1068 3784 1209 3859; x_wconf 78' lang='lat' dir='ltr'>XXVIIII,</span> 
     </span>
     <span class='ocr_line' id='line_1_32' title="bbox 89 3883 1211 3954; baseline -0.008 -14"><span class='ocrx_word' id='word_1_290' title='bbox 89 3890 134 3952; x_wconf 82' lang='lat'>92,</span> <span class='ocrx_word' id='word_1_291' title='bbox 155 3895 218 3939; x_wconf 89' lang='lat' dir='ltr'>tom.</span> <span class='ocrx_word' id='word_1_292' title='bbox 238 3891 274 3952; x_wconf 89' lang='grc' dir='ltr'>ΙΙ,</span> <span class='ocrx_word' id='word_1_293' title='bbox 294 3907 320 3954; x_wconf 91' lang='lat' dir='ltr'>p.</span> <span class='ocrx_word' id='word_1_294' title='bbox 340 3888 372 3937; x_wconf 90' lang='lat'>18</span> <span class='ocrx_word' id='word_1_295' title='bbox 392 3889 433 3938; x_wconf 87' lang='lat' dir='ltr'>ad.</span> <span class='ocrx_word' id='word_1_296' title='bbox 453 3887 584 3937; x_wconf 78' lang='lat' dir='ltr'>Mainake</span> <span class='ocrx_word' id='word_1_297' title='bbox 604 3886 803 3951; x_wconf 85' lang='lat' dir='ltr'>explicatione,</span> <span class='ocrx_word' id='word_1_298' title='bbox 829 3886 869 3935; x_wconf 80' lang='lat' dir='ltr'>ita</span> <span class='ocrx_word' id='word_1_299' title='bbox 887 3885 916 3934; x_wconf 89' lang='lat' dir='ltr'>in</span> <span class='ocrx_word' id='word_1_300' title='bbox 933 3886 1016 3936; x_wconf 87' lang='lat' dir='ltr'>rebus</span> <span class='ocrx_word' id='word_1_301' title='bbox 1035 3883 1133 3934; x_wconf 85' lang='lat' dir='ltr'>ethicis</span> <span class='ocrx_word' id='word_1_302' title='bbox 1147 3899 1211 3933; x_wconf 90' lang='lat' dir='ltr'>con-</span> 
     </span>
     <span class='ocr_line' id='line_1_33' title="bbox 90 3970 1030 4038; baseline -0.007 -13"><span class='ocrx_word' id='word_1_303' title='bbox 90 3977 226 4025; x_wconf 87' lang='lat' dir='ltr'>stiterunt</span> <span class='ocrx_word' id='word_1_304' title='bbox 244 3989 377 4038; x_wconf 82' lang='lat' dir='ltr'>nusquam</span> <span class='ocrx_word' id='word_1_305' title='bbox 397 3974 431 4022; x_wconf 89' lang='lat' dir='ltr'>ad</span> <span class='ocrx_word' id='word_1_306' title='bbox 449 3973 579 4038; x_wconf 86' lang='lat' dir='ltr'>physicas</span> <span class='ocrx_word' id='word_1_307' title='bbox 597 3971 864 4035; x_wconf 82' lang='lat' dir='ltr'>mathematicasque</span> <span class='ocrx_word' id='word_1_308' title='bbox 882 3970 1030 4035; x_wconf 76' lang='lat' dir='ltr'>progressi.</span> 
     </span>
    </p>

    <p class='ocr_par' dir='ltr' id='par_1_5' title="bbox 88 4046 1210 4206">
     <span class='ocr_line' id='line_1_34' title="bbox 178 4046 1210 4122; baseline -0.006 -16"><span class='ocrx_word' id='word_1_309' title='bbox 178 4059 204 4122; x_wconf 82' lang='lat'>2)</span> <span class='ocrx_word' id='word_1_310' title='bbox 223 4058 313 4108; x_wconf 87' lang='lat' dir='ltr'>Simili</span> <span class='ocrx_word' id='word_1_311' title='bbox 330 4059 437 4108; x_wconf 87' lang='lat' dir='ltr'>ratione</span> <span class='ocrx_word' id='word_1_312' title='bbox 457 4058 511 4106; x_wconf 89' lang='lat' dir='ltr'>iam</span> <span class='ocrx_word' id='word_1_313' title='bbox 529 4057 604 4106; x_wconf 88' lang='lat' dir='ltr'>Zeno</span> <span class='ocrx_word' id='word_1_314' title='bbox 623 4057 675 4108; x_wconf 89' lang='lat' dir='ltr'>hoc</span> <span class='ocrx_word' id='word_1_315' title='bbox 694 4061 847 4106; x_wconf 89' lang='lat' dir='ltr'>commento</span> <span class='ocrx_word' id='word_1_316' title='bbox 866 4070 930 4104; x_wconf 91' lang='lat' dir='ltr'>usus</span> <span class='ocrx_word' id='word_1_317' title='bbox 949 4046 1112 4122; x_wconf 78' lang='lat' dir='ltr'>est-cijio</span> <span class='ocrx_word' id='word_1_318' title='bbox 1125 4051 1210 4115; x_wconf 83' lang='lat' dir='ltr'>Chry-</span> 
     </span>
     <span class='ocr_line' id='line_1_35' title="bbox 88 4127 1208 4206; baseline -0.008 -12"><span class='ocrx_word' id='word_1_319' title='bbox 88 4147 160 4194; x_wconf 88' lang='lat' dir='ltr'>sost.</span> <span class='ocrx_word' id='word_1_320' title='bbox 184 4143 266 4204; x_wconf 84' lang='lat' dir='ltr'>LIII,</span> <span class='ocrx_word' id='word_1_321' title='bbox 285 4143 314 4192; x_wconf 81' lang='lat'>4:</span> <span class='ocrx_word' id='word_1_322' title='bbox 339 4134 355 4192; x_wconf 81' lang='grc' dir='ltr'>ὁ</span> <span class='ocrx_word' id='word_1_323' title='bbox 375 4135 407 4192; x_wconf 77' lang='lat' dir='ltr'>di</span> <span class='ocrx_word' id='word_1_324' title='bbox 428 4136 529 4206; x_wconf 85' lang='grc' dir='ltr'><em>Ζήνων</em></span> <span class='ocrx_word' id='word_1_325' title='bbox 551 4131 640 4192; x_wconf 73' lang='grc' dir='ltr'><em>οὐδὲν</em></span> <span class='ocrx_word' id='word_1_326' title='bbox 658 4139 714 4190; x_wconf 78' lang='grc' dir='ltr'><em>ταῖν</em></span> <span class='ocrx_word' id='word_1_327' title='bbox 729 4131 858 4205; x_wconf 80' lang='grc' dir='ltr'><em>Ὁμήρου</em></span> <span class='ocrx_word' id='word_1_328' title='bbox 875 4133 958 4204; x_wconf 79' lang='grc' dir='ltr'><strong><em>ψέγει</em></strong></span> <span class='ocrx_word' id='word_1_329' title='bbox 977 4127 1037 4202; x_wconf 79' lang='grc' dir='ltr'>ἅμα</span> <span class='ocrx_word' id='word_1_330' title='bbox 1056 4127 1208 4201; x_wconf 72' lang='grc' dir='ltr'><em>διηγούμε-</em></span> 
     </span>
    </p>
   </div>
   <div class='ocr_carea' id='block_1_3' title="bbox 4 4211 1209 4292">
    <p class='ocr_par' dir='ltr' id='par_1_6' title="bbox 4 4211 1209 4292">
     <span class='ocr_line' id='line_1_36' title="bbox 4 4211 1209 4292; baseline -0.007 -13"><span class='ocrx_word' id='word_1_331' title='bbox 4 4253 5 4256; x_wconf 38' lang='grc'><strong>“</strong></span> <span class='ocrx_word' id='word_1_332' title='bbox 89 4243 145 4284; x_wconf 82' lang='grc' dir='ltr'>νος</span> <span class='ocrx_word' id='word_1_333' title='bbox 170 4223 220 4277; x_wconf 73' lang='grc' dir='ltr'>καὶ</span> <span class='ocrx_word' id='word_1_334' title='bbox 248 4219 395 4278; x_wconf 73' lang='grc' dir='ltr'><em>διδάσκων</em></span> <span class='ocrx_word' id='word_1_335' title='bbox 423 4215 465 4276; x_wconf 80' lang='grc' dir='ltr'>ὅτι</span> <span class='ocrx_word' id='word_1_336' title='bbox 492 4218 528 4276; x_wconf 77' lang='grc' dir='ltr'>τοὶ</span> <span class='ocrx_word' id='word_1_337' title='bbox 555 4218 609 4292; x_wconf 64' lang='grc' dir='ltr'>μὲν</span> <span class='ocrx_word' id='word_1_338' title='bbox 635 4220 708 4276; x_wconf 76' lang='grc' dir='ltr'>κατὰ</span> <span class='ocrx_word' id='word_1_339' title='bbox 733 4217 824 4287; x_wconf 75' lang='grc' dir='ltr'><em>δόξαν</em></span> <span class='ocrx_word' id='word_1_340' title='bbox 846 4216 881 4273; x_wconf 81' lang='lat' dir='ltr'>coi</span> <span class='ocrx_word' id='word_1_341' title='bbox 906 4217 938 4274; x_wconf 76' lang='grc' dir='ltr'>δὲ</span> <span class='ocrx_word' id='word_1_342' title='bbox 956 4214 1037 4287; x_wconf 55' lang='grc' dir='ltr'><em>,κατὰ</em></span> <span class='ocrx_word' id='word_1_343' title='bbox 1064 4211 1209 4287; x_wconf 79' lang='grc' dir='ltr'><em>οἷλήθειαν</em></span> 
     </span>
    </p>
   </div>
   <div class='ocr_carea' id='block_1_4' title="bbox 88 4307 246 4378">
    <p class='ocr_par' dir='ltr' id='par_1_7' title="bbox 88 4307 246 4378">
     <span class='ocr_line' id='line_1_37' title="bbox 88 4307 246 4378; baseline -0.006 -15"><span class='ocrx_word' id='word_1_344' title='bbox 88 4307 246 4378; x_wconf 75' lang='grc' dir='ltr'><em>γέγραφεν.</em></span> 
     </span>
    </p>
   </div>
   <div class='ocr_carea' id='block_1_5' title="bbox 0 0 1483 5084">
    <p class='ocr_par' dir='ltr' id='par_1_8' title="bbox 0 0 1483 5084">
     <span class='ocr_line' id='line_1_38' title="bbox 0 0 1483 5084; baseline 0 0"><span class='ocrx_word' id='word_1_345' title='bbox 0 0 1483 5084; x_wconf 95' lang='lat' dir='ltr'> </span> 
     </span>
    </p>
   </div>
  </div>
 </body>
</html>
