2950 5084
719 229 870 322 ..ll-,-

240 410 371 470 similiter
400 411 551 472 (inclinatis
578 411 709 472 simililer
739 412 801 477 fieri
835 417 864 471 el
897 411 925 470 id
948 427 1006 468 non
1030 410 1093 470 steri
1117 409 1230 470 ostendi
1252 408 1358 486 possit,

240 521 455 598 despiciendam
484 541 549 582 eam
579 540 642 582 esse
670 523 814 581 rationem
918 522 962 579 sin
984 520 1216 610 respondeatur,
1250 517 1359 578 similia
1464 501 1465 516 ἶ

240 649 299 689 non
322 649 386 691 esse
409 632 486 709 quod
510 651 543 692 ea
571 650 713 692 uocemus
735 630 912 691 dissimiliter
1008 631 1050 689 sic
1072 630 1150 688 enim
1172 628 1358 706 respondere

241 739 334 800 uoluit
355 740 542 802 Aristarchus
564 741 687 810 Crateti,
711 759 779 800 nam
802 735 867 800 cum
891 740 1056 816 scripsisset
1078 738 1180 798 similia
1204 755 1266 798 esse
1286 737 1358 797 Phi·
1465 821 1466 828 ἵ

207 850 371 911 5166666166
385 850 559 912 Heraclides
570 849 742 920 Melicertes
766 849 837 910 dixit
859 867 919 908 non
942 865 1005 908 esse
1027 847 1145 917 similia;
1169 850 1198 908 in
1221 847 1359 908 {rorando
1465 829 1466 836 ἵ

241 961 318 1019 enim
347 979 414 1020 cum
443 961 466 1020 Ε
493 960 582 1020 breui
607 960 663 1020 dici
691 959 889 1028 Philomedes,
926 977 993 1032 cum
1022 958 1046 1018 E
1073 957 1162 1033 longo
1190 957 1358 1026 Heraclide,

241 1088 308 1129 cum
331 1067 463 1148 hghreui
485 1069 642 1130 Melicerta,
687 1071 801 1129 Varro
825 1067 866 1128 de
889 1067 975 1146 ling.
999 1067 1073 1128 Lat.
1097 1065 1161 1128 vlu
1183 1065 1222 1128 38
1244 1086 1273 1145 p.
1295 1065 1358 1128 190

224 1159 406 1240 Mueller.

326 1263 352 1349 4Ι
384 1287 521 1370 [Magnus
543 1296 587 1348 est
609 1307 751 1348 numerus
773 1306 876 1348 eorum
899 1289 948 1366 qui
959 1294 1019 1358 tam
1036 1306 1069 1347 ee
1085 1305 1160 1366 quae
1175 1285 1358 1368 didicerunt]

193 1401 224 1452 10
241 1401 376 1458 nesciunt
398 1399 505 1458 docere
528 1417 615 1476 qrram
638 1383 752 1460 discere
775 1417 850 1476 quae
872 1399 1023 1474 ignorant,
1047 1399 1074 1457 in
1099 1415 1157 1475 quo
1180 1397 1233 1458 luit
1256 1396 1362 1462 Grates

107 1489 109 1493 ¹
242 1508 347 1567 nobilis
375 1509 582 1585 grammaticus
605 1510 654 1586 qui
677 1508 770 1568 iretus
793 1507 954 1586 Chrysippo
976 1507 1095 1567 homine
1118 1507 1284 1568 acutissimo
1307 1509 1362 1585 qui

241 1593 359 1696 reliquit
381 1612 458 1697 περὶ
480 1611 672 1696 ἀνωμαλίας
694 1617 747 1678 1111
769 1617 860 1677 libros
883 1623 989 1677 contr-a.
1008 1616 1158 1694 analogian
1183 1616 1362 1695 616666161-

241 1727 391 1787 starclmm
420 1733 464 1786 est
491 1729 577 1786 nixus
604 1727 656 1787 sed
685 1729 723 1787 ite
752 1731 785 1787 ut
806 1727 913 1803 scripta
937 1727 1065 1787 indicant
1087 1728 1149 1786 eius
1170 1731 1203 1786 ut
1224 1727 1363 1788 neutrius
1467 1729 1468 1780 l

242 1838 377 1897 uideatur
399 1837 561 1914 peruidisse
583 1826 780 1906 uoluntatem,
810 1836 887 1914 quod
912 1831 940 1896 et
962 1835 1140 1915 Chrysippus
1161 1836 1197 1895 de
1219 1837 1364 1914 inaequa-

195 1953 225 2002 15
243 1946 353 2008 bilitate
386 1965 453 2006 cum
490 1945 591 2006 scribit
619 1949 763 2007 sermonis
796 1947 978 2024 propositum
1011 1945 1101 2006 habet
1121 1945 1285 2006 ‘ostendere
1311 1964 1365 2006 res

244 2056 398 2118 dissimiles
430 2055 583 2117 similibus
605 2056 704 2117 uerbis
734 2064 762 2117 el
794 2053 993 2138 dissimilibus
1015 2053 1123 2116 similes
1157 2073 1221 2117 esse
1243 2062 1364 2116 notatas

311 2338 364 2384 u.1
381 2336 409 2385 id
422 2338 484 2398 fieri
499 2337 525 2384 Η
536 2331 548 2402 [l
559 2353 582 2386 6.
597 2339 613 2384 2
632 2336 813 2400 dispiciendam
831 2329 879 2400 Eli
889 2339 914 2384 si
929 2336 949 2384 B
1000 2335 1049 2384 sed
1065 2335 1138 2384 coni.-
1157 2335 1192 2383 H.
1203 2333 1366 2399 Stephanus

246 2419 362 2484 append.
381 2437 407 2484 p.
428 2415 666 2486 illrespondeater
683 2421 709 2468 Η
754 2421 970 2482 respondentem
1015 2419 1209 2482 respondeat!¹
1253 2433 1367 2484 respon-

244 2507 304 2553 dent
322 2505 341 2552 B
364 2499 376 2570 11
401 2521 424 2554 6.
440 2507 456 2554 3
474 2507 511 2554 sie
529 2506 603 2553 eliam
620 2505 779 2568 respondere
797 2503 823 2552 Η
845 2497 858 2569 [l
880 2506 934 2552 661
952 2503 1162 2553 Α6161666166Η
1183 2499 1197 2569 ss
1218 2505 1368 2553 aristarcus

247 2590 400 2638 Orateltnam
418 2601 434 2636 6
452 2587 490 2650 (in
509 2604 595 2653 marg.
615 2586 782 2649 aristarchus)
800 2582 814 2654 1]
831 2588 933 2637 Crateti·
946 2593 972 2634 61
990 2593 1016 2635 61
1033 2589 1178 2652 scripsisset
1195 2588 1215 2635 B
1232 2581 1367 2653 116661616-
1469 2595 1470 2616 l

244 2680 283 2724 set
300 2686 317 2721 6
339 2669 351 2739 ΙΙ
374 2691 398 2722 6.
416 2675 433 2722 5
451 2673 476 2722 in
494 2675 608 2724 nocendo
626 2678 690 2722 enim
708 2673 760 2724 diei
778 2673 921 2722 Philomede
940 2675 1099 2736 66616666,
1122 2672 1266 2722 6666166661
1284 2671 1366 2721 Meli·
1469 2675 1470 2694 ¹

244 2765 316 2808 certa
335 2757 406 2807 coni.
426 2757 546 2822 Spengel
568 2753 580 2822 h
603 2759 657 2806 66
686 2756 711 2804 Ε
730 2760 794 2805 ante
813 2756 885 2806 breui
902 2772 953 2805 om.
973 2757 1048 2805 (ine
1069 2751 1083 2822 {l
1098 2757 1268 2815 ¹Philomedes
1292 2771 1367 2807 corr.

243 2841 361 2892 Mueller
379 2857 426 2906 pro
445 2842 589 2890 Philomede
609 2835 622 2907 [l
645 2842 789 2890 Philomede
812 2840 925 2905 sellonpo
944 2855 960 2889 6
981 2837 994 2906 H
1017 2858 1041 2890 6.
1056 2845 1071 2889 7
1088 2841 1113 2889 Α
1133 2839 1194 2889 add.
1214 2839 1367 2904 Scioppius

290 2925 406 2974 6661111
458 2925 483 2973 E
500 2926 519 2972 B
538 2923 611 2989 uolg.
625 2919 636 2991 Η
648 2923 784 2974 Melicerta
808 2939 877 2974 corr.
896 2923 1039 2989 Scioppius
1057 2939 1106 2990 pro
1125 2923 1257 2974 Melicerte
1273 2919 1287 2990 ll
1304 2942 1330 2974 6.
1351 2929 1368 2973 il

245 3011 355 3073 Magnas
372 3025 457 3074 usque
478 3008 511 3058 ad
531 3011 674 3058 didicerant
692 3009 818 3074 suppleui
838 3009 954 3074 exempli
973 3010 1061 3058 instar
1071 3003 1083 3073 {i
1095 3025 1118 3056 6.
1135 3011 1166 3056 10
1183 3010 1276 3057 docere
1295 3011 1370 3073 qnod

245 3096 344 3144 discere
362 3089 411 3160 ΗΠ
427 3096 495 3142 6611
514 3093 631 3144 notabilis
648 3089 696 3160 ΗΙΙ
718 3097 790 3143 a.12
812 3094 899 3144 uerba
916 3110 965 3144 666
982 3093 1061 3144 libros
1080 3097 1142 3157 post
1158 3094 1261 3157 reliquit
1279 3092 1367 3158 uolgo

246 3179 341 3227 addite
360 3193 402 3227 om
430 3174 527 3244 11111111
549 3173 614 3242 περὶ
633 3168 798 3243 &rapollae
817 3179 908 3228 omli
959 3172 1024 3240 περὶ
1048 3167 1244 3242 despoliare
1295 3173 1368 3240 περὶ

245 3259 295 3327 τῆς
313 3252 471 3326 oinopotlos
488 3263 508 3309 B
560 3261 774 3326 perienomalias
791 3258 942 3328 66111111
953 3262 1032 3311 libros
1044 3261 1142 3325 sc'ripsi
1155 3277 1188 3310 ex
1201 3260 1368 3310 coniectura

156 3406 158 3412 Ι
246 3345 378 3412 Spengeli
396 3346 442 3410 qui
461 3347 489 3394 in
508 3350 652 3396 comment.
677 3347 710 3396 de
730 3346 836 3396 emend.
855 3351 907 3395 ret.
927 3343 990 3394 libr.
1009 3346 1140 3394 Varronis
1158 3345 1192 3394 de
1210 3344 1278 3410 ling.
1297 3346 1366 3395 Lat.

246 3449 271 3497 p.
290 3430 306 3481 9
326 3431 437 3496 egregie
456 3431 623 3479 retractauit
641 3446 711 3494 quae
735 3430 799 3480 olim
817 3431 845 3479 in
862 3431 943 3480 Iahni
962 3429 1053 3479 annul.
1076 3428 1140 3479 1834
1157 3445 1184 3494 p.
1203 3428 1218 3476 7
1237 3429 1366 3493 suspica·

246 3521 290 3566 tus
309 3515 405 3564 66161.
425 3515 519 3564 Laert.
538 3514 621 3580 Diog.
638 3515 691 3564 VII
713 3513 759 3564 192
777 3510 842 3580 περὶ
861 3513 911 3578 τῆς
929 3508 1002 3563 κατὰ
1021 3505 1071 3572 τὰς
1090 3507 1179 3574 λέξεις
1196 3503 1369 3577 α’νωμαλίας

246 3592 317 3663 πρὸς
335 3597 434 3648 Δίωνα
453 3590 482 3649 d'
499 3599 548 3647 ubi
566 3595 676 3648 codices
694 3599 817 3664 Menogii
836 3599 968 3649 exhibent
985 3592 1012 3646 α’
1019 3589 1044 3663 β’
1051 3589 1083 3662 γ’,
1102 3598 1209 3646 lansius
1225 3596 1369 3662 111616111-

246 3684 295 3734 los.
319 3681 433 3745 118,2
457 3684 526 3732 coni.
552 3676 577 3738 ς’
628 3681 1079 3747 1611116111066168666661161.
1099 3681 1132 3744 6.)
1152 3682 1189 3730 lle
1239 3683 1273 3730 lei
1290 3682 1372 3734 librei

246 3771 272 3818 Η
322 3767 558 3833 heislidreisnolg.
579 3769 581 3773 ’
606 3767 659 3816 ΙΙΙ
669 3755 1223 3833 librosooni.anonymusflor’voioyt'orvs
1274 3771 1368 3816 analo·

244 3856 312 3917 61666
327 3851 354 3899 n
404 3851 507 3900 lacuna
524 3852 553 3900 in
572 3847 615 3918 llll
627 3853 778 3901 aristeaeum
795 3847 843 3918 El}
855 3845 878 3901 α’.
898 3854 931 3900 11
948 3854 1100 3900 6616616166
1117 3845 1166 3915 El]
1181 3851 1370 3914 inaequalitate

246 3936 310 3986 libri
328 3939 440 4000 praeter
456 3930 535 4000 llssu.
550 3938 582 3984 15
598 3951 727 3985 sermones
744 3936 808 3984 libri
826 3941 936 4000 praeter
952 3935 973 3983 B
987 3929 1000 4000 il
1016 3936 1152 3986 ostendere
1169 3949 1212 3982 res
1230 3935 1372 3986 dissimiles

246 4007 365 4071 6166111166
387 4020 471 4070 uerbis
486 4035 555 4069 corr.
578 4019 699 4085 Spengel
721 4021 738 4070 l'.
763 4035 785 4070 s.
809 4036 857 4084 pro
875 4021 1010 4070 ostendere
1025 4019 1134 4081 (reshic
1154 4017 1215 4070 edd.
1234 4016 1260 4079 6)
1278 4020 1373 4070 similis

247 4106 428 4168 (stertente
447 4103 595 4170 Spengelio
612 4104 631 4152 l.
650 4119 681 4167 6.,
701 4103 869 4154 ceteri-libri
886 4103 988 4165 similes)
1007 4119 1050 4153 res
1069 4101 1121 4167 (res
1140 4118 1191 4152 om.
1210 4100 1262 4162 He)
1290 4104 1373 4152 dissi-

247 4185 553 4254 milibusrrerbislin.1li
575 4196 600 4239 61
616 4188 949 4259 61661111666116616611116663
1001 4189 1092 4238 similes
1111 4185 1173 4249 (om.
1193 4191 1219 4234 et
1237 4187 1374 4238 dissimili·

249 4272 302 4336 bras)
315 4273 341 4320 Π
351 4267 364 4339 Η
376 4277 437 4336 6661
449 4289 504 4323 6666
518 4274 589 4340 quod
600 4273 702 4338 legitur
713 4273 841 4324 trorobrrlis
853 4273 898 4322 uel
911 4271 1053 4324 rroeadaleis'
1066 4270 1168 4321 deleuit
1181 4269 1306 4336 Spengel
1318 4271 1374 4323 1.6.
