2950 5084
562 241 714 330 ji.-

75 442 166 493 „mae
192 423 377 503 quaestiones
404 439 464 482 non
492 425 554 483 sine
582 425 626 482 ira
655 429 683 482 et
708 421 803 482 studio
825 422 855 480 in
877 420 978 482 Museo
1000 419 1196 482 Alexandrino

76 535 295 610 „agitarentur
347 531 412 602 Quo
440 540 574 610 tempore
603 551 694 610 quum
720 531 767 592 alii
788 530 970 600 Choerilum,
1003 531 1050 590 alii
1067 531 1196 590 Antima-

76 645 206 712 ‚‚chum,
236 643 283 704 ulii
312 644 437 704 sortasse
465 645 552 703 etiam
573 641 794 720 Euphorionem
821 642 1024 720 recipiendum
1054 641 1195 710 dicerent,

76 739 217 824 ‚,l}rates,
241 755 403 814 acerrimus
422 753 584 814 Aristarchi
604 753 804 822 aduersarius,
834 751 918 812 surim
940 752 976 814 de
999 753 1054 812 bac
1075 769 1108 810 re
1130 767 1195 810 sen·

79 866 225 933 „tentiam
247 866 454 942 propositurus
475 863 546 923 illud
570 864 727 940 scripsisse,
743 863 860 922 uidetur
881 837 1092 940 epigramma.“

164 975 265 1036 Restat
291 981 325 1033 nt
352 975 394 1034 de
422 975 591 1052 scriptis·
609 972 795 1033 Crateteis
825 991 899 1051 quae
929 973 1050 1032 dicenda
1072 971 1195 1036 babeam

77 1097 263 1163 expromam.
315 1084 438 1162 Scripsit
460 1084 561 1145 Crates
584 1083 707 1145 testibus
729 1083 817 1145 Suida
845 1089 874 1142 et
895 1082 1025 1142 Eudocia
1049 1077 1197 1162 tropeo-

76 1209 136 1255 σιν
154 1189 294 1266 Ἰλιάδος
316 1189 373 1254 καὶ
391 1188 585 1265 Ὀδυσσείας
601 1191 638 1254 ἐν
652 1192 796 1272 βιβλίοις
816 1188 861 1278 θ’,
885 1209 961 1270 quae
976 1191 1069 1252 uerba
1085 1197 1129 1250 sat
1146 1209 1196 1254 ne-

77 1306 234 1384 glegenter
249 1307 437 1382 pronuntiata
452 1305 631 1376 induxerunt
646 1303 837 1363 ViHoisonum
849 1301 962 1380 proleg.
979 1301 1059 1362 lliad.
1076 1320 1104 1378 p.
1121 1301 1198 1362 XVll

77 1415 165 1484 alico,
189 1422 222 1475 ut
243 1421 405 1479 statuerent
424 1433 492 1476 eum
512 1415 633 1475 Homeri
655 1415 785 1476 carmina
809 1413 839 1472 in
862 1419 928 1474 octo
944 1413 1091 1475 nouemue
1105 1411 1197 1470 libros

77 1527 292 1604 dispescuisse;
328 1527 392 1602 ipse
412 1543 477 1609 ,nou
507 1525 608 1589 dubito
636 1526 705 1603 quin
735 1524 840 1584 Suidas
868 1523 994 1584 eundem
1023 1521 1199 1582 intellexerit

80 1637 193 1696 librum
217 1654 305 1716 quem
328 1635 398 1696 alias
423 1631 629 1717 διορθωτικά
652 1634 763 1714 (anecd.
787 1633 910 1694 Roman.
932 1634 1000 1712 pro
1016 1633 1068 1724 ed.
1089 1629 1205 1710 Osann),

77 1741 121 1806 τὰ
145 1741 222 1823 περὶ
241 1741 456 1828 διορθώσεως
478 1745 578 1825 (schol.
595 1765 619 1823 μ
634 1743 684 1824 89)
703 1736 862 1825 Ὁμηρικοὶ
885 1742 985 1821 (schol.
1005 1743 1033 1803 0
1050 1742 1120 1821 193)
1136 1741 1198 1802 lau·

79 1858 146 1917 dari
180 1836 378 1934 comperimus
407 1857 650 1916 commentarium
675 1854 805 1915 Homeri.
856 1853 988 1931 Namque
1021 1861 1198 1931 quamquam

80 1962 268 2047 διόρθωσις
289 1965 468 2026 uocabulum
491 1966 527 2026 de
550 1967 649 2032 critica
671 1965 732 2030 sola
756 1983 845 2041 opera
866 1965 896 2024 in
912 1963 1102 2024 emendandis
1115 1961 1199 2022 libris

79 2080 176 2156 positu
206 2077 312 2136 dicitnr
341 2077 388 2153 (os.
413 2075 526 2136 Bitschl
554 2075 655 2136 coroll.
678 2076 751 2153 disp.
777 2073 847 2134 bibl.
870 2073 950 2133 Alex.
972 2091 1001 2151 p.
1028 2072 1076 2152 19)
1102 2079 1198 2133 tamen

79 2189 119 2248 de
138 2187 267 2248 editione
285 2193 318 2246 ut
336 2205 402 2247 cum
423 2186 601 2248 Luebbertio
624 2205 653 2264 p.
675 2184 740 2246 1128
759 2186 869 2262 cogites
887 2202 948 2244 non
967 2190 1010 2244 est
1033 2183 1112 2262 qnod
1130 2200 1198 2259 per·

79 2299 214 2358 suadeat.
265 2293 300 2356 θ’
325 2304 394 2356 nota
426 2304 492 2357 octo
521 2315 559 2358 an
587 2315 695 2372 nouem
726 2295 794 2356 libri
820 2295 1020 2373 significentur
1047 2293 1199 2369 ambigunt

79 2411 138 2470 uiri
167 2409 261 2468 docti:
294 2408 356 2486 ipse
380 2408 514 2486 equidem
540 2409 706 2484 suspicatus
731 2409 785 2466 sim
809 2405 955 2466 Gratetem
982 2423 1070 2484 quem
1090 2405 1199 2463 scimus

81 2527 179 2580 totum
205 2518 235 2576 in
258 2517 348 2578 rebus
370 2517 582 2577 mathematicis
604 2518 693 2577 luisse
716 2537 750 2576 ex
773 2517 869 2577 studio
893 2516 1019 2596 quodam
1046 2514 1200 2574 aGraecis

79 2633 110 2690 in
127 2629 240 2689 deliciis
255 2625 387 2708 habito¹)
401 2628 521 2688 totidem
542 2633 613 2706 quot
630 2626 739 2688 luerint
754 2626 854 2686 llusae
869 2626 960 2689 libros
974 2625 1103 2686 uoluisse
1119 2642 1198 2684 com·

78 2757 196 2818 ponere
218 2739 237 2798 i.
259 2758 284 2798 e.
309 2745 391 2807 octo,
416 2746 481 2798 octo
503 2739 581 2800 enirn
602 2733 717 2798 tantum
739 2755 789 2798 eas
810 2755 874 2798 esse
893 2738 976 2798 iussit
999 2735 1045 2812 (cl.
1064 2734 1120 2810 lrg.
1140 2735 1197 2793 inc.

79 2851 144 2911 sed.
170 2853 199 2930 7)
209 2846 241 2929 ²).
285 2849 342 2920 Qui
365 2848 517 2910 octolibri
537 2866 593 2927 qua
615 2850 729 2909 ratione
751 2846 882 2926 dispositi
902 2847 1012 2908 luerint
1036 2847 1198 2922 ignoratur,

78 2979 181 3038 neque
203 2958 293 3020 ullam
315 2959 497 3020 coniectandi
525 2977 626 3020 ansam
649 2959 772 3037 praebet
793 2957 867 3020 liber
890 2957 1039 3020 secundus
1059 2958 1088 3016 in
1105 2953 1197 3016 schol.

82 3074 114 3132 0
145 3069 202 3130 193
225 3070 375 3140 laudatus;
397 3071 426 3131 id
445 3089 538 3132 unum
560 3071 702 3132 coniciam
724 3069 889 3148 praelatum
909 3085 973 3129 csse
995 3067 1140 3128 Gratetem
1163 3066 1199 3124 de

78 3181 205 3242 Homeri
229 3183 323 3258 patria
346 3188 439 3242 aetate
463 3198 571 3258 genere
597 3187 659 3241 arte
681 3179 832 3240 similibus.
883 3179 957 3239 Huic
984 3179 1072 3254 igitur
1093 3195 1199 3254 prooe-

80 3296 143 3353 mio
166 3290 255 3352 malui
275 3291 514 3368 Harpocrationis
532 3291 624 3352 uerba
647 3291 780 3352 tribuere
799 3309 887 3368 quam
907 3289 1029 3350 Cratetis
1043 3287 1199 3347 Athenien-

79 3406 123 3464 sis
153 3397 230 3480 περὶ
258 3401 326 3462 τῶν
355 3397 516 3482 Ἀθήνησι
541 3401 677 3462 θυσιῶν
700 3400 808 3460 librum
830 3419 905 3460 uoce
928 3395 1122 3480 ιἐοοιιοιΐοιις
1144 3397 1199 3457 dici

80 3514 217 3574 credere.
262 3513 375 3578 Pariter
401 3513 617 3574 cornmentaudi
646 3529 767 3590 operam
791 3513 910 3571 nouauit
932 3509 1051 3570 Hesiodi
1079 3507 1200 3584 theogo-

81 3627 150 3684 niae
173 3631 261 3702 atque
284 3623 425 3702 operibus
451 3629 479 3684 et
500 3621 604 3684 diebus
625 3641 681 3682 nec
702 3640 763 3682 nou
784 3617 960 3699 Euripidi3),
988 3617 1094 3678 deinde
1111 3617 1200 3676 Arato

174 3879 197 3943 l)
222 3879 263 3928 Ol.
288 3879 387 3928 Ranke
411 3878 445 3929 de
468 3877 605 3942 Aristoph.
629 3877 688 3926 uita
710 3893 736 3941 p.
756 3875 846 3925 CXllI
868 3873 1038 3940 potissimum
1057 3873 1090 3922 de
1109 3875 1200 3922 Musa-

80 3982 143 4016 rum
162 3979 276 4014 numero
294 3964 433 4012 disserens
453 3968 481 4012 et
499 3962 631 4012 Wolcker
647 3961 804 4027 priecltiaelre
824 3959 999 4010 Guetterledre
1017 3959 1044 4020 1,
1063 3974 1089 4022 p.
1109 3958 1141 4006 52
1160 3972 1199 4020 sq.

170 4047 198 4111 2)
219 4049 308 4110 Quam
327 4048 484 4112 opinionem
504 4063 518 4095 e
537 4047 663 4097 Platonis
681 4063 737 4111 rep.
757 4045 791 4105 X,
810 4061 836 4110 p.
849 4041 899 4092 olo
918 4045 1070 4097 commento
1090 4043 1200 4089 enatam

81 4150 146 4185 esse
167 4133 289 4182 coniecit
308 4131 394 4182 Orelli
413 4135 556 4181 comment.
576 4133 604 4180 in
623 4130 722 4180 Arnob.
742 4147 767 4194 p.
789 4127 846 4177 168.

170 4217 197 4280 3)
216 4218 283 4267 Eius
302 4217 505 4266 commentariis
524 4231 571 4264 eur
590 4231 623 4265 oa
642 4231 712 4279 quae
732 4231 765 4263 ex
779 4213 887 4266 Orestis
906 4216 933 4260 et
945 4209 1094 4260 Alcestidis
1106 4225 1200 4274 prooe-

80 4305 140 4356 mio
162 4302 264 4350 batista
288 4317 348 4351 esse
371 4301 427 4351 dixi
451 4301 651 4365 assignnuerim
670 4301 765 4349 statim
783 4298 900 4359 dooebo;
930 4296 959 4344 in
977 4296 1086 4346 dubium
1106 4293 1201 4344 uoc'ari
