2950 5084
637 265 656 327 9

84 450 229 508 tissimum
252 451 295 508 rei
317 467 438 526 operam
458 468 594 520 nauasse,
617 459 650 510 ut
671 453 828 511 interiores
849 449 966 528 linguae
988 453 1117 512 rationes
1136 469 1204 529 pec

85 565 306 627 scrutarentur,
329 579 395 620 cum
415 563 617 622 auctoritatem
639 563 748 622 etnim
770 560 951 638 singularum
976 563 1204 638 erationispar·

85 671 158 729 tium
183 676 244 730 tum
267 671 395 732 innatam
418 677 522 732 natura
544 671 703 732 llexionum
726 678 898 748 potestatem
921 671 1102 747 indagarent,
1125 671 1206 732 uelut

85 781 217 858 quinque
245 797 330 850 casus
361 773 405 852 ὣς
436 781 503 842 τοῖν
532 778 787 862 σημαινομένων
814 774 856 841 οὐ
888 780 957 841 τοῖν
986 782 1113 862 φωνῶν
1141 801 1205 844 esse

85 897 241 950 censentes
263 889 363 970 (schol.
387 892 470 951 Dion.
491 892 561 952 Thr.
584 903 612 970 p'.
630 892 701 971 860)
722 893 891 968 genetiuum
915 889 1045 971 casum¹)
1069 899 1097 953 et
1119 911 1205 953 accu-

86 999 243 1079 satiuom2)
274 1009 482 1080 nuncuparunt
509 1002 677 1068 nominihus
705 1003 811 1082 quihus
839 1003 994 1080 perspicue
1017 1002 1206 1063 denotaretur

85 1111 235 1188 peculiare
258 1131 360 1172 eornm
381 1111 533 1172 officinm·
564 1112 624 1172 llos
646 1114 735 1188 igitur
754 1118 872 1172 secutus
890 1112 990 1172 Crates
1012 1115 1053 1172 eis
1076 1115 1207 1172 torminis

86 1220 195 1298 quibus
223 1227 312 1282 totam
335 1222 522 1282 Alexandrini
547 1214 798 1300 circumscriptam
829 1240 892 1282 esse
915 1222 969 1281 sibi
999 1231 1208 1300 persuaserant

85 1337 148 1390 tam
173 1349 234 1390 non
256 1332 370 1392 definiri
391 1334 505 1411 putauit
532 1339 625 1393 artem
651 1334 888 1408 grammaticam,
921 1340 954 1392 ut
973 1334 1014 1392 eis
1037 1340 1206 1394 contentum

86 1432 202 1512 ἁπλῶς
230 1433 394 1520 γλωσσῶν
424 1436 618 1522 ἐξηγητικὸν
638 1437 695 1502 καὶ
717 1439 903 1525 acceperas
925 1436 1130 1502 ἀποδοτικὸν
1147 1427 1207 1503 ’καὶ

86 1550 157 1612 τοῖν
175 1547 313 1624 τούτοις
339 1552 582 1632 παραπλησίων
603 1553 630 1633 (i.
655 1573 680 1613 e.
705 1559 872 1612 ceterarum
896 1552 1109 1614 Alexandrinae
1132 1553 1208 1614 illius

87 1664 298 1739 grammaticae
313 1663 449 1742 partium)
464 1657 624 1742 eldq'pove
639 1680 747 1740 purum
763 1669 866 1740 putum
883 1665 1106 1741 grammaticum
1123 1665 1207 1723 mini·

88 1774 143 1832 stri
166 1779 278 1834 tantum
301 1773 431 1834 cilicium
455 1774 573 1852 explere
596 1757 789 1841 existimarem
822 1791 950 1852 namque
972 1775 1125 1834 materiam
1150 1771 1208 1853 ἐμ-

88 1881 203 1963 πειρία
226 1882 293 1942 τοῖν
315 1877 406 1961 παρὰ
437 1892 587 1963 ποιηταῖς
612 1903 648 1944 τε
673 1878 729 1944 καὶ
758 1882 990 1963 συγγραφεῦσι
1019 1879 1210 1962 λεγομένων

89 1999 260 2068 congestam
279 1995 336 2053 iarn
359 2011 478 2060 necesse
501 2012 566 2055 esse
589 1988 821 2074 ἀρχιτέκτονος
842 1996 870 2053 in
895 1994 1016 2053 modurn
1034 2000 1063 2052 et
1084 2012 1119 2053 ox
1135 1993 1208 2070 logi·

89 2119 144 2162 cae
171 2104 241 2162 artis
269 2106 385 2165 ratione.
411 2105 525 2180 digerat
551 2083 686 2182 disponat
713 2104 851 2164 diiudicet
873 2102 1007 2182 λογικῆς
1030 2078 1210 2183 ἐπιστήμης

90 2211 247 2293 ἔμπειρος
272 2213 319 2290 (cl.
349 2213 472 2274 Cratetis
501 2214 557 2291 lrg.
580 2216 637 2273 inc.
662 2215 723 2273 sed.
751 2214 786 2294 l).
833 2212 917 2283 erod
949 2221 1071 2292 propter
1101 2232 1209 2274 munus

89 2323 243 2400 digerendi
266 2323 439 2402 disponendi
463 2325 640 2386 diiudicaudi
663 2344 738 2402 quae
760 2331 864 2384 corrretu
887 2326 996 2402 optime
1012 2341 1118 2400 graece
1135 2323 1210 2401 κρί-

89 2452 165 2494 νειν
181 2421 536 2514 ιλιοοεκριτικόςουιλίιο
561 2437 667 2513 etipse
689 2431 819 2515 maluit3)
842 2453 930 2513 quarn
953 2437 1134 2511 grammatici
1157 2453 1209 2494 no·

89 2546 169 2604 nrinc
192 2563 250 2622 quo
265 2545 453 2605 Alexandrini
471 2545 605 2624 appellati
628 2552 743 2619 suntet
764 2528 875 2623 primos
895 2563 945 2606 eos
967 2544 1128 2624 appellatos
1145 2539 1209 2605 e'sse

89 2656 155 2716 ucri
170 2661 214 2715 est
228 2655 415 2724 simillimum,
433 2663 461 2716 et
475 2655 643 2716 maluerunt.
660 2662 819 2716 sectatores
836 2653 926 2734 eius⁴)
944 2658 1020 2715 iuter
1036 2673 1109 2733 quos
1125 2655 1209 2714 Telc-

90 2765 168 2843 plrus
189 2757 206 2824 ὁ
225 2759 372 2846 κριτικὸς
394 2758 412 2824 ὁ
434 2763 470 2826 ἐκ
491 2766 551 2826 τοῦ
567 2765 794 2847 Περγαμηνοῦ
816 2764 978 2844 μουσείου
1001 2763 1119 2844 (Aelian.
1141 2765 1208 2824 hist.

89 2876 179 2936 anim.
210 2875 250 2943 ll,
274 2876 342 2956 42),
376 2895 463 2954 quem
496 2879 604 2938 iustum
633 2877 799 2938 Cratetenm
826 2893 889 2936 esse
917 2876 1016 2936 docuit
1042 2874 1155 2936 Preller
1180 2877 1210 2935 in

90 2987 319 3046 Zimmermanni
343 2987 415 3046 diar.
439 2989 527 3066 antiq.
553 2983 642 3058 1837,
665 3006 694 3066 p.
717 2987 778 3048 498
802 3005 845 3064 sq.
890 2988 984 3064 Atque
1004 2985 1099 3046 tribus
1120 2987 1210 3063 potis-

90 3099 199 3158 simum
222 3099 251 3158 in
275 3097 365 3180 rebus
389 3099 464 3158 istud
489 3099 580 3158 critici
596 3098 724 3158 osticium
742 3099 823 3156 cerni
839 3097 1040 3174 promrntiauit
1057 3095 1158 3156 Crates
1171 3130 1211 3140 -

181 3309 204 3374 Ι)
223 3311 319 3372 Quode
343 3311 484 3376 sagaciter
508 3310 640 3360 disseruit
664 3309 837 3362 Schoemann
862 3347 878 3371 ,‚
890 3323 942 3358 roas
960 3308 1076 3357 dedentet
1095 3309 1136 3358 die
1155 3323 1208 3372 γε·

91 3387 174 3458 vana
193 3393 345 3452 πίσσια
365 3374 519 3444 anniane
531 3394 623 3444 annu.
635 3394 704 3459 ung.
717 3395 771 3444 ιιιι,
782 3395 796 3443 ι
807 3392 904 3457 (iseo),
917 3411 942 3458 p.
956 3391 989 3442 ιο
1002 3407 1051 3457 sq„
1063 3393 1100 3452 11,
1111 3409 1137 3456 p.
1153 3391 1209 3450 ras,

92 3495 174 3544 quern
193 3480 240 3544 qui
259 3493 405 3544 aggressus
425 3484 467 3529 est
485 3478 517 3528 C.
530 3481 561 3528 E.
579 3479 611 3528 A.
624 3478 755 3528 -sehmidt
773 3479 802 3527 in
820 3479 937 3528 Hoeferi
956 3476 1053 3526 annal.'
1068 3477 1103 3539 11,
1124 3475 1157 3525 63
1170 3493 1209 3540 sq.

92 3569 122 3614 ct
145 3563 241 3614 libello
265 3553 419 3628 ‚,heitrae9e
443 3580 489 3612 :ur
509 3565 652 3628 geschichte
671 3566 719 3612 der
735 3564 886 3627 preroraotih
904 3565 950 3612 des
967 3562 1140 3625 griechischen
1158 3563 1211 3609 rond

91 3650 257 3700 lateinisches
275 3666 301 3714 p.
320 3647 370 3698 320
388 3664 427 3711 sq.
447 3649 488 3697 ita
506 3649 565 3712 egit
585 3653 616 3696 ut
643 3648 811 3713 argumentis
839 3647 936 3710 quibus
967 3646 1002 3694 ad
1028 3644 1211 3694 refellendam

92 3735 279 3784 Sehoemanni
297 3734 465 3783 sententiam
484 3747 549 3781 usus
567 3733 604 3780 sit
617 3731 722 3796 Glyeae
741 3733 913 3797 potissimum
926 3747 952 3794 p.
966 3728 1006 3791 46,
1026 3729 1060 3777 27
1079 3730 1120 3778 ed.
1140 3729 1211 3778 Iahn

95 3819 264 3868 auctoritate
284 3833 345 3867 eam
363 3817 516 3867 stabiliisse
540 3817 628 3882 magis
648 3832 728 3881 qnam
746 3817 935 3866 labefactasse
954 3814 1103 3866 uideretur.
1133 3839 1143 3854 ·

178 3901 205 3965 2)
224 3901 267 3950 Cf.
281 3901 507 3967 Trendelenburg
524 3903 552 3950 in
572 3907 626 3952 aet.
646 3903 743 3952 societ.
758 3917 850 3966 graec.
869 3901 946 3964 Lips.
958 3899 1012 3948 uol.
1027 3900 1049 3961 I,
1068 3915 1093 3963 p.
1109 3897 1158 3947 119
1170 3914 1210 3962 sq.

178 3986 205 4050 3)
226 3987 269 4037 cf.
287 3987 469 4052 Asclepiades
487 3987 645 4050 Myrleanns
665 4003 708 4051 ap.
728 3987 827 4035 Athen.
847 3986 900 4047 XI,
920 4001 947 4049 p.
965 3983 1048 4046 esne,
1068 3983 1167 4032 Suilas
1184 3997 1210 4031 u.

92 4065 210 4137 Κράτης
223 4071 300 4122 euius
311 4072 398 4121 uerba
412 4064 559 4137 ἐπεκλήθη
578 4109 606 4122 ..
626 4063 750 4134 spectaris
770 4105 796 4120 ..
818 4062 867 4119 διὰ
886 4061 939 4134 τὴν
956 4064 1022 4132 περὶ
1039 4060 1106 4124 τούς
1124 4082 1212 4131 γραμ-

92 4148 234 4218 ματικοὺς
252 4151 353 4220 λόγους
373 4148 521 4206 ἐπίστασιν
539 4172 574 4205 ne
592 4160 708 4220 possunt
726 4143 835 4219 quide'm
854 4153 937 4203 aliter
955 4152 1091 4216 intellegi.

179 4242 206 4306 4)
220 4241 295 4292 Sext.
307 4243 385 4306 Emp.
397 4241 460 4289 adu.
473 4240 557 4290 math.
571 4241 593 4303 I,
608 4239 671 4289 248:
694 4232 854 4303 Ταύρισκος
872 4227 887 4287 ὁ
905 4228 1053 4301 Κράτητος
1070 4225 1212 4300 ἀκουστὴς

93 4314 186 4390 ὥςπερ
206 4319 236 4376 οἷ
252 4317 333 4375 ἄλλοι
351 4323 483 4389 κριτικοί.
