2950 5084
807 243 826 304 4
860 271 865 282 .

743 325 895 335 -—-—-

345 426 449 490 Suidas
472 433 501 487 et
526 425 655 488 Eudocia
676 446 705 506 p.
731 427 791 488 273
815 445 844 486 u.
864 421 999 507 Κράτης
1025 417 1254 504 Τιμοκράτους
1275 422 1377 485 Μαλ-

260 535 368 618 λῷτης
388 534 575 618 φιλόσοφος
595 532 736 610 στωικὸς
756 528 792 608 ὃς
808 531 978 616 ἐπεκλήθη
998 527 1172 614 Ὁμηρικὸς
1194 530 1249 595 καλ
1269 555 1377 616 κριτι-

260 644 318 720 κός
339 642 395 708 διά
418 642 482 728 τήν
508 643 564 708 καί
581 647 663 725 ι(καί
680 648 746 708 add.
769 647 857 706 ΑΒΕ
863 650 887 707 V
892 646 900 724 l
923 639 1000 726 περὶ
1025 637 1104 716 τούς
1127 639 1378 724 γραμματικοὺς

259 753 315 819 καὶ
341 751 533 837 ποιητικοὺς
563 752 684 836 λόγους
716 750 821 817 αὐτοῦ
852 753 1043 833 ἐπίστασιν,
1079 750 1263 835 σόγχρονος
1287 749 1376 835 Ἀρι-

203 943 207 954 ι
258 865 405 949 στάρχου
426 868 487 928 τοῦ
509 867 742 949 γραμματικοῦ
767 861 821 928 ε’πδ
845 864 906 926 τοῦ
931 865 1002 945 (τοῦ
1021 884 1078 924 om.
1103 869 1138 945 Α)
1162 864 1376 943 Πτολεμαίου

259 974 489 1058 Φιλομήτορος
517 976 581 1056 (pro
612 972 727 1038 ἐπὶ-
747 972 977 1057 Φιλομήτορος
999 975 1110 1035 Ειιδοο,
1137 969 1193 1034 καί
1216 975 1277 1034 τοῦ
1296 975 1373 1034 Φιλ.

258 1091 332 1170 Πτ.)
366 1085 524 1162 συνέταξε
558 1083 746 1169 διόρθωσιν
781 1087 833 1181 (sic
862 1087 959 1147 Βαάλ.
986 1087 1118 1155 Ευάοτ.,·
1152 1080 1190 1145 δὲ
1224 1078 1377 1164 ὄρθωσιν

258 1199 468 1278 ABEVMed.)
489 1193 627 1269 Ἰλιάδος
647 1193 704 1258 καὶ
723 1191 972 1267 Ὀδυσσείαςέν
990 1192 1039 1270 (ἐν
1054 1213 1111 1255 om.
1129 1194 1172 1254 Α*
1181 1193 1215 1276 V)
1233 1194 1377 1274 βιβλίοις

259 1308 384 1389 (βιβλία
406 1311 515 1368 omisso
539 1305 576 1368 ἐν
598 1308 679 1368 malit
695 1307 877 1387 Bernhardy)
899 1302 934 1366 θ’
962 1301 1017 1366 καὶ
1039 1300 1133 1366 άλλα.

344 1419 448 1480 Suidas
464 1439 492 1478 ιι.
512 1412 739 1499 Ἀρίσταρχοςι
765 1463 820 1478 ...
844 1412 901 1477 καλ
922 1413 1071 1495 Κράτητι
1091 1415 1138 1498 τῷ
1157 1405 1376 1496 γραμματικῷ

258 1528 470 1610 Περγαμηνῷ
495 1528 634 1588 πλείστα
663 1523 902 1607 διημιλλήσατο
929 1523 967 1586 ἐν
991 1521 1160 1608 Περγάμῳ
1193 1524 1377 1604 (Rernlrardy

213 1711 215 1716 Ι
259 1641 334 1699 coni.
364 1637 411 1721 τῷ
446 1637 664 1721 γραμματικῷ
692 1637 831 1703 πλείστα
860 1631 1100 1716 διημιλλήσατο
1134 1633 1172 1698 ἐν
1204 1631 1377 1716 Περγάμῳ

260 1744 351 1830 ὄντι).

344 1860 509 1920 Demetrius
523 1857 642 1936 blagnes
650 1855 671 1939 ¹)
684 1877 731 1936 ap.
747 1859 842 1918 Laert.
854 1859 936 1936 Diog.
953 1857 1016 1926 IIII,
1032 1857 1089 1918 23:
1104 1852 1263 1936 γεγόνασι
1279 1851 1376 1936 Κρά-

258 1989 352 2049 τητες
374 1965 455 2029 δέκα
478 2015 537 2030 ...
562 1957 703 2048 ἕβδομος
725 1964 915 2048 Μαλλώτης
934 1963 1170 2049 γραμματικός.

344 2079 450 2140 Strabo
460 2079 550 2148 XIIII,
566 2097 594 2156 p.
609 2077 727 2139 brou:
746 2075 907 2139 ἐντεῦθεν
920 2079 1024 2159 (Mallo)
1035 2063 1079 2157 ήν
1094 2073 1227 2160 Κράτης
1239 2067 1257 2136 ὁ
1268 2095 1378 2155 γραμ-

258 2184 397 2270 ματικός
417 2176 459 2249 οὗ
479 2202 561 2268 φησι
582 2185 742 2267 γενέσθαι
762 2183 914 2268 μαθητής
935 2188 1128 2260 Παναίτιος.

343 2299 518 2359 Plutarchus
539 2299 605 2358 adu.
629 2299 747 2376 Epicur.
764 2318 793 2377 p.
811 2298 889 2359 1095
905 2300 939 2359 d:
961 2291 1040 2359 οὐδὲ
1062 2293 1128 2379 γάρ
1147 2291 1257 2375 Ἱέρων
1278 2290 1310 2375 γ’
1331 2287 1378 2355 άυ

259 2404 339 2471 οὐδὲ
359 2405 519 2480 ’Ἄτταλος
549 2402 627 2469 οὐδὲ
658 2402 830 2489 Ἀρχέλαος
857 2405 1065 2489 ἐπείσθησαν
1095 2400 1285 2487 Εὐριπίδην
1319 2403 1379 2467 καὶ

260 2517 455 2600 Σιμωνίδην
477 2513 533 2578 καὶ
550 2516 815 2599 Μελανιππίδην
841 2513 898 2579 καὶ
915 2516 1091 2600 Κράτητας
1112 2514 1169 2578 καὶ
1188 2512 1378 2588 Διοδότους

258 2625 506 2709 ἀναστήσαντες
525 2626 564 2690 εκ
587 2629 655 2691 τῷν
676 2630 875 2708 συμποσίων
894 2629 1091 2690 κατακλῖναι
1114 2625 1298 2706 Κάρδακας
1319 2623 1378 2687 καὶ

253 2735 450 2824 Ἀγριάντας
471 2733 551 2819 μεθ’
572 2732 685 2802 αὐτῶν
707 2739 777 2800 κτλ.

344 2851 450 2910 Strabo
470 2851 544 2919 XIII,
566 2869 594 2928 p.
612 2851 690 2912 609:
716 2850 890 2929 (DemetrIus
911 2851 1057 2930 Scepsius)
1082 2843 1167 2909 κατά
1189 2843 1249 2910 τὸν
1270 2827 1379 2910 αὐτὸν

259 2955 384 3043 χρόνον
404 2954 550 3038 γεγονεδς
570 2956 719 3042 Κράτητι
740 2960 810 3020 κτλ.
1394 3041 1398 3050 ,

344 3071 501 3135 Suetonius
521 3071 556 3130 de
581 3087 703 3148 gramm.
726 3077 755 3131 et
775 3070 944 3132 rhetoribus
967 3090 991 3132 c.
1010 3073 1029 3132 2
1050 3089 1079 3151 p.
1107 3071 1165 3132 100
1189 3072 1234 3131 cd.
1251 3071 1377 3131 lleiller-

261 3181 377 3242 scheid:
406 3182 519 3258 prImus
547 3188 688 3261 qnantum
711 3183 867 3258 opinamur
889 3183 1017 3243 studium
1039 3183 1246 3260 grammaticae
1268 3183 1297 3240 in
1324 3201 1378 3241 nr-

259 3292 327 3351 bem
351 3289 446 3350 intnlit
467 3291 568 3351 Crates
591 3291 722 3352 Mallotes
738 3293 898 3353 Aristarchi
919 3293 1048 3370 aequalis
1071 3295 1121 3371 qui
1142 3294 1247 3352 missus
1269 3293 1305 3352 ad
1329 3311 1377 3352 se·

260 3409 360 3462 natum
383 3401 419 3462 ab
435 3401 530 3460 Attalo
553 3419 623 3479 rege
639 3403 715 3462 inter
733 3403 895 3462 secundum
915 3422 950 3462 ac
965 3404 1084 3463 tertium
1098 3401 1242 3462 Punicum
1264 3403 1376 3463 bellum

213 3509 219 3519 '
259 3497 313 3572 sub
337 3513 429 3590 ipsam
445 3512 520 3572 Enni
542 3519 681 3583 mortem,
704 3532 771 3574 curn
792 3515 913 3591 regione
928 3513 1019 3573 Palati
1037 3512 1193 3591 prolapsus
1208 3514 1237 3572 in
1256 3512 1377 3573 cloacae

260 3622 391 3684 foramen
415 3641 483 3683 crus
504 3622 653 3700 fregisset,
683 3643 737 3703 per
757 3642 844 3685 omne
866 3623 1018 3701 legationis
1039 3622 1126 3684 simul
1149 3630 1177 3683 ct
1200 3623 1377 3684 ualetudinis

259 3740 375 3810 tempus
402 3732 542 3810 plurimas
570 3735 698 3794 acroasis
725 3734 850 3795 subinde
879 3735 948 3794 lecit
974 3733 1148 3810 assidueque
1173 3733 1311 3794 disseruit
1340 3754 1377 3794 ac

259 3845 366 3902 nostris
386 3841 520 3921 exemplo
540 3843 596 3916 luit
613 3843 650 3902 ad
671 3844 858 3912 imitandum;
881 3845 1023 3904 hactenus
1042 3840 1169 3924 tamen²)
1193 3851 1226 3904 ut
1243 3845 1376 3904 carmina

259 3972 364 4032 parum
387 3953 484 4013 adhuc
506 3953 652 4031 diuulgata
675 3953 722 4013 uel
738 3953 943 4014 detunctorum
959 3955 1121 4015 amicorum
1145 3954 1190 4015 uel
1207 3955 1231 4014 si
1246 3973 1375 4032 quorum

348 4140 372 4204 1)
392 4139 434 4189 cf.
454 4141 487 4191 V.
509 4141 581 4191 Rosa
600 4139 634 4190 de
652 4140 809 4190 Aristotelis
827 4140 889 4190 libr.
909 4140 965 4192 ord.
987 4145 1015 4190 et
1033 4147 1105 4191 auct.
1125 4159 1150 4206 p.
1170 4141 1211 4191 ll.
1272 4124 1273 4128 Ἰ

326 4225 370 4290 ,2)
392 4226 512 4276 Verbum
534 4226 688 4290 ,‚imit.ati⁴‘
711 4225 793 4292 uolgo
815 4230 878 4292 post
900 4226 1041 4290 ,‚tameu“
1066 4227 1196 4290 scriptum
1218 4227 1374 4277 rectissime

259 4307 459 4359 Reifferscheid
477 4311 591 4366 induxit.
