2950 5084
811 207 853 268 24

758 290 909 298 -—-—--—-

275 396 361 456 nosci
378 395 461 453 illem
476 390 627 464 famosam
643 394 749 452 meunt
764 393 959 450 accessionem
974 391 1095 465 poetar
1115 385 1398 462 carcasensem).

275 504 520 581 Temperatorum
541 507 638 563 autern
660 500 845 579 cingulorum
866 507 1025 578 utrumque
1047 517 1157 560 oceano
1179 517 1248 560 axes
1272 500 1401 560 coniun-

275 621 363 690 gente
388 613 483 672 dirimi
513 614 541 672 in
565 617 664 688 partes
686 611 758 672 duas
781 627 919 688 superam
945 617 973 670 et
995 587 1118 670 inieram
1144 611 1182 671 ita
1205 615 1401 694 etquattuor

275 723 422 784 habitatae
445 727 544 784 essent
564 740 656 782 zonae
679 739 807 800 quarum
824 723 948 798 primam
972 738 1107 798 superam
1133 718 1399 796 septentrionalem

274 841 381 894 tencre·
392 832 527 894 homines
543 839 629 894 uetus
645 831 766 892 alteram
786 831 909 915 inieram
927 828 1185 908 septentrionalem
1201 827 1402 910 περιοίκους

276 945 393 1004 tertiam
429 941 586 1004 australem
613 961 752 1020 superam
786 935 1018 1021 ἀντεύκρατον
1050 934 1231 1012 denotabas
1258 947 1402 1020 quartam
1462 958 1463 977 ¹

276 1054 401 1114 inieram
426 1052 583 1112 australem
612 1045 796 1123 ἀντίποδας
826 1050 872 1128 (ul.
902 1035 1007 1112 Strabo
1032 1051 1075 1120 1„
1093 1069 1122 1128 p.
1153 1051 1187 1119 5·;
1222 1049 1402 1110 Cleomades

276 1181 306 1242 p·
324 1163 360 1224 19
381 1180 426 1241 sep
451 1163 496 1222 ad.
512 1159 644 1242 Rake)²).
681 1162 764 1222 Hane
787 1163 876 1237 igitur
897 1161 1174 1222 totamtloetrinam
1196 1163 1252 1220 iam
1274 1160 1311 1222 ab
1336 1161 1402 1220 Ηο-

276 1291 360 1351 mepo
380 1278 570 1352 praeceptam
594 1290 659 1332 esse
681 1271 737 1332 sibi
761 1273 907 1349 persuasit
925 1271 1040 1332 Crates:
1071 1271 1099 1330 id
1122 1271 1200 1350 quod
1223 1278 1325 1349 aperte
1346 1271 1402 1332 ‹le-

276 1389 442 1444 monstrant
473 1384 536 1443 cius
566 1401 618 1442 eae
644 1382 786 1464 reliquiae
809 1401 881 1460 quas
903 1383 1026 1460 apposni
1046 1381 1082 1442 ad
1105 1401 1126 1440 α
1147 1380 1186 1442 23
1211 1381 1260 1441 nbi
1276 1380 1403 1442 Aethio-

276 1512 330 1572 pas
355 1494 385 1552 iu
414 1495 547 1552 terminis
573 1494 699 1553 maxime
728 1493 764 1552 etl
788 1493 939 1553 meridiem
962 1509 1067 1552 uersus
1092 1484 1289 1568 spectantibus
1313 1491 1404 1551 orbis

276 1605 431 1684 temperati
459 1610 487 1663 et
509 1605 619 1680 pariter
641 1605 670 1662 iu
693 1597 909 1685 ἀντεοκροίτῳ
935 1601 1052 1680 cingulo
1075 1599 1146 1662 sitos
1168 1621 1277 1662 oceano
1298 1603 1403 1663 disse-1·

277 1715 491 1791 eiarinngatus
513 1709 601 1796 est3)‚
625 1721 654 1774 et
677 1715 758 1792 adp
785 1715 792 1771 l
821 1721 850 1774 et
873 1713 936 1774 236
959 1710 1042 1792 sust).
1074 1712 1241 1776 Deindeab
1264 1711 1404 1773 Homero
1462 1776 1463 1801 ¹

278 1822 437 1902 κ861ο1.
461 1825 536 1904 ing.)
560 1823 710 1886 fabulatur
739 1821 916 1887 intellectam
950 1842 1014 1884 essa
1038 1824 1188 1900 regionem
1212 1840 1303 1902 prope
1326 1843 1404 1884 axes

278 1936 364 1996 sitam
388 1931 416 1994 in
439 1935 576 2014 quadies
595 1934 784 2012 longissimus
806 1935 908 2012 uiginti
930 1934 1020 1994 horas
1043 1939 1181 2012 quattuor
1203 1939 1312 1994 tantum
1339 1953 1402 1996 nox

280 2043 447 2123 duraret‚⁵)
481 2051 510 2104 et
536 2044 556 2104 t
584 2044 617 2104 ta
650 2044 859 2106 Cerberiorum
882 2043 1025 2104 domicilia
1049 2043 1085 2102 ab
1110 2061 1145 2106 eo
1164 2044 1259 2122 posita
1282 2062 1351 2106 esse
1373 2048 1403 2106 in

278 2155 325 2216 illa
342 2156 466 2214 terrain
484 2147 541 2232 qua
561 2157 721 2232 septentrio
741 2149 824 2215 κατὰ
847 2149 1005 2236 κορυφήν
1021 2153 1169 2215 collocata
1188 2157 1402 2232 conspiciatur,
1462 2158 1463 2165 ’

277 2285 353 2343 quae
380 2283 436 2342 per
465 2283 516 2330 sex
545 2283 665 2333 mensas
693 2284 709 2324 a
738 2264 800 2334 sele
829 2283 889 2324 non
922 2265 1112 2326 collustratur
1135 2272 1164 2326 et
1189 2283 1244 2342 per
1263 2263 1403 2344 reliquos
1462 2232 1463 2253 ¹

279 2395 329 2434 sex
352 2375 512 2434 interiectis
533 2374 772 2436 densisnebulis
792 2376 855 2445 eius
879 2375 946 2436 lnce
973 2382 1069 2445 caret;
1107 2395 1143 2435 ee
1166 2375 1324 2436 Tartarum
1352 2379 1403 2437 cni

278 2503 333 2545 neu
354 2484 425 2544 solis
448 2483 498 2546 lux
519 2503 574 2546 neo
596 2491 754 2546 uentorum
777 2485 953 2548 beneficium
975 2487 1125 2562 conlingat
1140 2505 1161 2546 a
1184 2495 1268 2564 poeta
1287 2487 1315 2546 o
1335 2489 1403 2550 478

1074 2631 1084 2675 l

364 2757 388 2822 l)
407 2757 488 2807 Hane
506 2757 644 2830 Macrobii
662 2773 758 2806 comm.
779 2773 864 2807 somn.
879 2755 999 2822 Scipion.
1013 2749 1050 2820 11,
1070 2755 1095 2820 9,
1116 2755 1128 2804 1
1148 2757 1315 2808 sententiam
1330 2757 1403 2807 Cra-

277 2842 342 2891 tetis
362 2843 513 2906 essequod
531 2846 638 2891 tantum
657 2843 813 2907 suspicatus
832 2843 1033 2900 est,Lnebbert
1051 2859 1077 2906 p.
1096 2841 1145 2892 tat
1171 2855 1275 2892 summa
1293 2843 1403 2892 uerita-

278 2927 313 2975 tis
333 2941 400 2975 eum.
412 2927 505 2990 speeie
526 2925 721 2976 affirmanerim
740 2931 853 2992 propter
870 2926 985 2976 Sto'baei
1004 2927 1050 2991 qni
1068 2926 1145 2978 illurn
1160 2911 1230 2992 iabit
1242 2927 1332 2976 locum
1349 2927 1402 2990 (ci.

278 3010 329 3076 frg.
350 3011 499 3074 geograph.
519 3009 558 3076 2),
578 3011 626 3059 ubi
645 3003 700 3060 aba¹
713 3000 911 3075 οἷντισπαομὸν
929 3009 980 3076 τῆς
999 3003 1145 3080 θαλάττης
1159 3027 1284 3060 caussam
1300 3029 1402 3062 acces-

278 3110 324 3144 sus
343 3099 371 3144 et
389 3109 513 3144 recessus
537 3095 621 3144 maris
641 3097 764 3158 incusat,
790 3096 877 3160 quode
903 3112 964 3145 eum
986 3096 1159 3160 impugnauit
1184 3096 1316 3146 Seleucus
1341 3099 1401 3147 Ba-

277 3178 405 3241 bylonius
424 3170 439 3228 ὁ
458 3174 660 3244 μαθηματικός
678 3181 695 3228 i.
717 3197 740 3230 e.
761 3186 932 3230 astronomus
952 3180 985 3229 de
1005 3196 1056 3244 quo
1076 3181 1144 3229 dixit
1162 3179 1270 3230 Vrliehs
1290 3181 1319 3228 in
1332 3197 1401 3232 nou.

278 3277 344 3312 mue.
364 3263 452 3314 Rhen.
471 3265 524 3326 XI,
548 3281 574 3328 p.
593 3263 643 3315 293
666 3254 883 3330 ἀντιγεγραφώς
907 3263 946 3329 τῷ
963 3257 1090 3330 Κράτητι
1111 3264 1145 3313 ef.
1170 3263 1300 3314 Meinckc
1321 3266 1402 3317 soon.

280 3349 337 3396 flor.
357 3347 424 3410 IIII,
443 3365 468 3412 p.
488 3349 547 3397 244.

362 3449 389 3510 2)
413 3449 493 3498 Hanc
518 3466 626 3499 omnem
645 3415 799 3501 Cleomedis
818 3450 1034 3515 disputationem
1054 3449 1175 3500 Cratetis
1195 3465 1254 3500 esse
1275 3450 1403 3503 efficitur

280 3533 339 3583 eius
359 3549 402 3598 ap.
423 3533 513 3583 Strab.
527 3536 549 3597 Ι,
568 3552 594 3599 p.
614 3536 672 3585 bet
684 3535 714 3586 31
734 3535 836 3584 uerbis.
865 3583 871 3592 ,

363 3634 389 3698 3)
413 3635 509 3684 Nullus
533 3652 599 3685 uero
618 3637 713 3687 ‹lubito
734 3637 836 3686 collato
856 3635 991 3686 Strabone
1010 3637 1037 3700 Ι,
1057 3653 1084 3702 p.
1104 3616 1166 3686 aet
1184 3635 1200 3684 4
1219 3635 1284 3700 quin
1303 3635 1333 3686 Σ
1348 3638 1402 3689 3911

279 3706 429 3784 ἅψόρᾇον
447 3711 585 3770 Ὠκεανόν
609 3725 636 3769 et
659 3736 678 3784 μ
701 3719 752 3770 236
775 3719 822 3782 (cf.
849 3720 934 3770 schol.
952 3719 971 3769 l.
991 3719 1024 3782 s.)
1043 3720 1077 3770 de
1098 3735 1212 3798 accessn
1230 3736 1401 3788 recessuque

279 3803 364 3852 maris
381 3803 578 3868 interpretatus
598 3805 642 3852 sit.

364 3904 390 3967 4)
410 3903 562 3957 Considera
581 3909 676 3954 eontra
696 3906 837 3970 egregiam
849 3906 1001 3956 Aristarchi
1020 3907 1123 3956 ibidem
1135 3906 1279 3972 probatam
1292 3907 1401 3959 sobrie—

280 3993 376 4039 tatem.
414 3988 456 4038 Of.
475 3989 562 4040 Lehrs
580 3989 732 4040 Aristarelr.
751 4007 777 4054 p.
796 3989 854 4040 256.

366 4091 392 4155 5)
413 4089 492 4152 Quod
511 4091 574 4155 quid
599 4091 707 4142 Thulen
726 4108 743 4142 a
755 4091 867 4142 Crateta
886 4092 1045 4144 denotatam
1064 4109 1124 4144 esse
1144 4094 1304 4144 coniectura
1323 4094 1400 4146 lraud

279 4175 455 4240 improbabili
474 4191 507 4226 ex
522 4175 666 4228 Ptolemae
678 4175 790 4242 ialmag.
804 4193 832 4241 p.
843 4175 876 4226 87
890 4177 931 4240 ed.
950 4177 1053 4228 Halma
1072 4178 1231 4246 expiscatus
1249 4182 1293 4228 est
1304 4178 1399 4230 Lueb-

279 4260 342 4309 bert
359 4277 385 4324 p.
405 4259 463 4310 435.
693 4264 697 4270 '
1113 4267 1121 4274 '
