2950 5084
744 245 895 338 ἐν*

264 428 443 509 syllabarum
471 435 504 489 ut
533 430 570 488 sit
592 427 693 490 similis
704 438 721 462 “
740 391 774 490 'et
798 431 959 491 llerodiani
987 423 1064 509 περὶ
1087 427 1228 498 κλίσεως
1252 420 1379 506 ὀνομά-

255 536 359 618 των)
381 539 459 616 apud
482 538 613 598 Cramer.
641 557 687 599 an.
712 540 807 600 Oxon.
830 540 882 600 llll
904 560 933 619 p.
960 537 1037 607 333,
1068 557 1084 598 a
1116 557 1174 616 quo
1200 531 1238 598 τό
1261 532 1380 615 ὅμοιον

157 727 159 732 Ι
265 647 303 710 ἐν
325 657 394 720 τοῖς
417 643 581 727 ὀνόμασιν
604 667 667 710 esse
683 650 789 710 dicitur
811 645 987 730 καταλήξει
996 647 1036 729 2);
1060 649 1190 727 generali
1213 650 1302 724 igitur
1324 665 1378 724 poa

263 766 366 820 testate
396 768 543 837 „genus“
566 759 768 838 accipiendum
797 767 857 830 cst,
887 762 916 820 id
940 761 1125 839 quodetiam
1146 759 1287 818 Varronis
1310 757 1329 816 l.
1353 778 1376 818 s.

264 869 423 930 concordia
446 866 692 948 confirmarunt..
723 870 846 930 Vnicum
869 881 996 940 ,‚casus“
1020 869 1146 930 uerbum
1161 875 1265 936 restat,
1286 869 1333 927 cui
1354 870 1379 927 si

264 999 388 1058 eaquae
410 978 501 1055 uulgo
524 981 688 1057 assignatur
707 981 765 1050 uis,
788 983 885 1040 omnia
910 986 1053 1040 corruunt
1067 996 1164 1058 neque
1179 977 1289 1039 babent
1305 997 1378 1056 quo·

264 1090 353 1152 modo
382 1089 589 1166 expediantur:
632 1091 728 1168 itaque
762 1093 792 1151 ni
819 1089 904 1150 malis
925 1090 1018 1151 uerba
1047 1097 1185 1167 corrupta
1214 1095 1319 1166 putare
1346 1095 1380 1148 et

264 1201 388 1260 sortasse
404 1209 534 1269 „casus“
551 1201 580 1258 in
598 1199 743 1268 „cliseos“
759 1207 883 1268 mutare,
905 1219 1023 1261 rnecum
1039 1201 1128 1260 facies
1143 1206 1172 1259 et
1188 1198 1380 1260 arbitraberis
1465 1265 1466 1268 Ἴ

264 1329 365 1372 casum
386 1315 553 1370 accuratam
575 1327 638 1370 esse
667 1301 940 1394 interpretationem
969 1311 1075 1371 Graeci
1105 1309 1230 1380 πτῶσις
1252 1306 1378 1387 uerbi4),

265 1420 343 1498 quod
366 1419 402 1479 ab
424 1419 619 1496 Aristophane
642 1420 679 1479 de
702 1420 831 1498 qualibet
864 1420 1057 1482 declinatione
1078 1419 1287 1498 potuissedici
1309 1436 1379 1496 pro-

264 1530 351 1590 batur
368 1528 504 1606 diligenti
525 1529 562 1590 de
585 1531 647 1590 eius
667 1533 750 1590 uocis
772 1548 827 1591 usu
850 1531 1044 1610 disputatione
1061 1531 1090 1590 C.
1116 1530 1149 1590 E.
1171 1531 1204 1589 Α.
1228 1528 1380 1590 Schmidtii

264 1643 413 1713 cetoroepe
431 1658 490 1699 zur
512 1642 683 1700 Gesclrtcltte
704 1642 733 1700 d.
756 1659 806 1715 pr.
831 1661 860 1700 ν.
882 1645 933 1721 lot.
953 1659 1052 1715 prom.
1073 1660 1101 1718 p.
1119 1640 1180 1702 256
1203 1637 1282 1718 sq,⁵).
1327 1639 1381 1698 llis

264 1751 396 1826 magistri
421 1752 586 1828 praeceptis
613 1749 732 1810 illustris
754 1751 916 1828 discipulus
935 1751 1122 1812 Aristarchus
1141 1751 1170 1810 id
1191 1767 1283 1809 unum
1305 1755 1381 1808 teste

266 1861 396 1922 Charieis
418 1859 437 1919 l.
459 1878 482 1918 s,
502 1859 622 1936 adiecit,
657 1867 690 1948 ut
716 1879 754 1922 ne
776 1879 906 1941 unquam
934 1861 1073 1938 simplicia
1097 1861 1266 1938 compositis
1297 1865 1380 1938 apta·

264 1989 374 2030 remora.
420 1971 580 2048 ltaque-eo
601 1977 632 2030 ut
655 1970 837 2032 solemnibus
860 1978 925 2032 utar
947 1971 1099 2044 uocabulis
1129 1977 1189 2030 tota
1213 1987 1261 2031 res
1282 1969 1379 2037 rediit,

264 2089 297 2141 ut
317 2082 565 2142 constituerentur
594 2076 736 2153 κανόνες
764 2083 926 2142 secundum
949 2099 1023 2161 quos
1051 2081 1145 2142 uerba
1175 2080 1319 2142 subtiliter
1350 2081 1380 2139 in

230 2186 234 2194 '
265 2190 373 2252 classes
396 2191 542 2268 descripta
558 2190 791 2261 declinarentur,
815 2198 847 2252 ut
868 2191 1000 2268 analogia
1023 2209 1111 2268 saepe
1134 2190 1295 2269 explicatur
1318 2209 1381 2250 κα-

265 2296 378 2360 νόνων
400 2294 578 2378 ἀπόδοσις,
610 2296 768 2361 κανόνων
796 2295 1031 2374 ἆσσόεικτικός
1057 2297 1229 2380 similiterss).
1257 2301 1308 2360 'br
1331 2319 1381 2360 ca·

265 2429 351 2470 suum
372 2411 556 2488 potissimum
580 2411 713 2470 doctrina
736 2429 849 2472 neruos
869 2431 938 2472 suos
961 2412 1177 2480 contenderunt
1200 2411 1382 2471 Aristarchei

265 2527 298 2580 ut
323 2521 362 2580 ait
386 2520 479 2580 Varro
502 2520 520 2580 l.
553 2539 577 2581 s,
599 2521 679 2589 Vlll,
701 2519 741 2580 63
773 2539 802 2599 p.
824 2521 882 2583 188
915 2524 960 2583 ed.
982 2521 1120 2592 Mueller,
1159 2522 1382 2598 rectissimeque

267 2630 416 2692 Luebbert
439 2633 469 2690 in
492 2648 561 2691 nou.
578 2649 653 2692 mue.
669 2631 763 2692 Rben.
776 2632 825 2701 XI,
846 2651 874 2709 p.
891 2630 952 2694 438
973 2633 1092 2692 exordia
1104 2632 1261 2692 Theodosii
1277 2625 1382 2690 κανό-

264 2783 500 2794 ——n———n—-nn

354 2868 379 2932 1)
398 2871 440 2918 Ex
459 2885 491 2919 eo
509 2869 580 2918 libro
598 2868 699 2917 hausta
716 2872 781 2918 sunt
797 2868 869 2918 haec
886 2870 981 2931 uerba,
1002 2869 1037 2920 ct.
1051 2868 1139 2919 Lehrs
1157 2867 1277 2918 analect.
1290 2883 1382 2933 gram-

265 2957 330 3004 mat.
348 2971 375 3019 p.
394 2952 452 3003 420.
703 2978 706 2982 ·

350 3037 376 3102 2)
401 3037 445 3088 cf.
465 3038 549 3087 etiam
568 3036 680 3102 Sergius
699 3038 728 3086 in
746 3037 851 3087 Donati
870 3039 934 3088 edit.
953 3039 991 3101 11,
1010 3056 1036 3104 p.
1058 3037 1122 3086 1847
1140 3039 1250 3088 P'utsch.

338 3121 377 3186 ,3)
403 3124 566 3188 Quanquam
589 3127 666 3172 recte
691 3123 787 3186 opinor
810 3123 850 3171 ibi
873 3124 959 3172 uerba
983 3121 1126 3188 „specie“
1147 3127 1174 3172 et
1192 3121 1344 3186 „genere“
1366 3138 1384 3171 a

265 3207 388 3257 librariis
406 3208 478 3256 inter
495 3222 525 3257 ee
545 3211 713 3256 commutata
731 3223 791 3257 ease
811 3208 931 3257 coniecit
948 3197 1090 3258 Luebbert
1108 3212 1177 3259 sent.
1191 3211 1276 3256 contr.
1290 3207 1314 3255 V
1333 3207 1383 3255 ad-

265 3308 326 3342 nex.
347 3297 490 3342 comment.
509 3292 662 3357 pontifical.

350 3376 376 3442 4)
396 3377 480 3426 Immo
507 3378 595 3442 ipsum
622 3375 754 3440 ‚,casus“
782 3378 894 3426 uerbum
925 3392 941 3425 a
967 3376 1091 3424 Varrone
1109 3376 1127 3425 1.
1147 3377 1178 3426 L.
1197 3375 1264 3438 VII,
1287 3374 1335 3424 ll0
1353 3393 1382 3441 p.
1417 3427 1423 3434 ,

213 3460 214 3464 ’
268 3459 316 3510 lou
340 3461 382 3510 ed.
406 3461 523 3510 Mueller
547 3461 658 3524 „omnia
682 3463 773 3526 operis
797 3461 830 3510 de
853 3461 949 3524 lingua
970 3461 1073 3513 Latina
1102 3461 1150 3509 tris
1180 3460 1236 3509 feci
1265 3462 1382 3524 parteis,

265 3547 352 3611 primo
372 3547 596 3610 quemadmodum
612 3547 750 3595 uocabula
764 3547 893 3611 imposita
906 3549 1000 3595 essent
1011 3545 1108 3606 rebus,
1127 3544 1275 3593 seeundum
1289 3559 1383 3608 quem·
1401 3529 1407 3538 ’

265 3630 410 3692 admodum
434 3647 468 3680 ea
492 3631 521 3680 in
544 3645 625 3680 casus
647 3631 866 3692 declinarentur,
885 3631 970 3680 tertio
990 3629 1213 3693 quemadmodum
1232 3629 1383 3693 coniunge-

266 3715 377 3765 rentur“
401 3716 538 3768 uniuersa.
555 3719 694 3780 potestate
720 3715 753 3764 de
779 3715 875 3780 queuis
893 3715 1036 3766 uerborum
1055 3715 1174 3765 omnium
1194 3713 1383 3764 declinatione

265 3803 418 3864 usurpatur.
635 3803 636 3806 ’
1081 3859 1084 3865 Ι

351 3883 380 3947 5)
400 3884 511 3934 Sextum
523 3885 590 3934 illud
603 3885 720 3934 fortasse
730 3885 798 3934 lieet
810 3883 961 3932 diuinando
981 3883 1081 3932 addere
1101 3875 1180 3940 εἶδος
1193 3880 1243 3944 (cf.
1257 3882 1383 3933 Bekker.

268 3985 311 4019 an.
326 3968 371 4019 Gr.
385 3969 421 4031 11,
440 3967 639 4034 petraeae)
653 3974 742 4018 utrum
755 3962 941 4032 πρωτότνπσν
959 3983 994 4016 an
1012 3959 1185 4032 uuoupupo'v
1201 3969 1240 4016 sit
1257 3967 1385 4030 uerbum,

267 4055 337 4119 quod
349 4069 409 4104 cum
420 4054 559 4104 Romanus
577 4055 657 4103 homo
676 4052 835 4118 ,‚speciem“
856 4055 1053 4118 interpretatus
1073 4058 1148 4103 esset
1165 4052 1298 4102 facillime
1317 4052 1385 4102 inde

171 4141 175 4152 '
267 4139 332 4188 oriri
349 4144 496 4207 potuerunt
514 4139 621 4188 turbae.

352 4222 378 4287 6)
402 4225 493 4286 Etym.
508 4239 598 4288 magn.
612 4239 637 4271 u.
652 4219 737 4287 χίλιοι
750 4237 776 4287 p.
790 4219 848 4285 8111,
869 4215 969 4286 Χάραξ
982 4217 1047 4286 περὶ
1066 4213 1267 4285 όρθσγραφίσς
1280 4222 1308 4270 in
1322 4222 1386 4273 cod.

268 4308 379 4358 Tarnim
399 4307 509 4356 CCLXI
528 4307 575 4357 iol.
595 4307 628 4356 74
646 4323 690 4372 ap.
708 4309 836 4370 Peyron,
857 4307 970 4358 Cramer
988 4323 1032 4358 an.
1053 4306 1139 4356 Oxou.
1158 4305 1222 4368 1111,
1242 4321 1269 4370 p.
1288 4304 1348 4356 331.
