2950 5084
768 274 919 368 „Q-

192 487 204 512 ι
287 446 371 531 πρὸς
392 447 430 513 τὸ
450 449 615 534 θέατρον,
639 448 695 515 διίι
718 456 776 535 τῆς
798 451 976 536 ἀριστεροῖς
998 449 1118 528 ἆύϊδος
1141 453 1290 533 ἔβαινεν,
1315 453 1344 514 εί
1361 451 1388 514 δ’

287 555 331 634 ῶς
352 557 411 624 ἀπ’
429 557 546 645 ἀγροῦ,
570 557 626 624 διό
648 564 706 644 της
728 562 838 640 δεξιῶς
861 564 898 629 ἐν
918 564 1194 653 τετραγωνίζοντι
1216 553 1277 628 τού,
1297 565 1391 642 χοροῦ

286 668 380 754 τύπφ
408 668 501 754 πρὸς
519 669 644 752 μόνους
674 667 763 754 ὁρῶν
790 669 867 748 τούς
889 669 1087 756 ὑποκριτὰς,
1116 660 1165 733 ῶν
1194 669 1390 748 ἐξελθόντων

288 776 425 862 ὁχορός
452 779 586 854 ἑπτάκις
608 780 835 864 στρεφόμενος
863 779 946 866 πρὸς
973 779 1146 864 ἀμφότερα
1173 765 1222 842 τῶ
1236 781 1317 864 με’ρη
1339 783 1390 843 τοῦ

254 889 397 973 οὸὴμου
420 887 516 972 ἑῶρα.
548 885 769 955 όπελθόντων
791 891 827 956 δὲ
850 895 918 956 τῶν
940 885 1132 975 ὑποκριτῶν
1155 887 1238 972 πρὸς
1260 887 1318 954 τόν
1339 891 1390 972 δὴ·

287 1022 352 1082 μον
375 995 464 1084 ὁρῶν
495 1000 532 1063 ἐκ
555 1001 784 1084 τετραμέτρων
806 1009 839 1077 ῖς
859 1005 993 1085 στίχους
1020 998 1248 1074 ύναπαίστους
1278 1000 1392 1082 ἐφθέγ-

286 1132 363 1192 γετο
392 1107 447 1173 καὶ
477 1112 576 1173 τοῦτο
605 1110 755 1174 ἐκαλείτο
784 1109 933 1198 στροφὴ,
965 1105 1035 1174 εἶτα
1065 1109 1197 1191 ἐτέρους
1225 1108 1392 1174 ἑκκαίδεκα

287 1217 460 1294 τοιούτους
483 1219 666 1302 ἐφθέγγετο
689 1220 745 1284 καλ
762 1219 911 1285 ἐκαλεῖτο
934 1224 1032 1284 τούτο
1056 1217 1293 1304 ἀντίστροφος,
1317 1200 1417 1302 όιπερΙ

287 1327 461 1414 ἀμφότερα
471 1330 507 1392 οί
516 1327 652 1393 παλαιοὶ
665 1331 834 1414 ἐπίρρημα
850 1333 978 1414 ἔλεγον,
995 1329 1054 1414 όλη
1076 1326 1144 1414 ὃὲὴ
1162 1329 1327 1418 ηρόσοὸος
1342 1332 1394 1392 τοῦ

240 1447 270 1498 10
287 1443 390 1522 χοροῦ
419 1440 568 1524 ἐκαλεῖτο
596 1439 793 1524 παραίβασις.
832 1440 927 1505 ταυτὶ
962 1441 1024 1523 μἐν
1057 1443 1130 1534 τῶν
1154 1437 1292 1522 ἀνδρῶν
1318 1441 1393 1503 εἰσιν

287 1539 400 1631 ῶνπερ
424 1551 554 1632 ἔφημεν
576 1598 633 1613 ...
657 1549 788 1626 τούτοις
808 1546 829 1634 ὴ
846 1547 975 1636 στροφὴ
999 1548 1055 1614 καὶ
1071 1547 1293 1633 ἀντίστροφος
1313 1547 1393 1613 ιἰνω-

287 1657 457 1744 τέρωμὲν
479 1659 646 1744 ἐπίρρημα
675 1659 843 1743 ἐκαλεῖτο,
872 1663 937 1724 νύν
965 1655 1044 1744 ἃὲὴ
1076 1657 1143 1748 ῶόὴ
1170 1659 1319 1723 ἐκαλεῖτο
1346 1656 1394 1722 καλ

288 1767 435 1856 στροφὴ,
458 1766 498 1832 τὸ
519 1769 556 1832 δέ
577 1767 650 1852 μετ’
669 1767 776 1852 αύτὴν
797 1770 949 1852 πέμπτον
969 1769 1068 1852 μέρος
1091 1770 1275 1854 ἐπίρρημα,
1298 1763 1318 1852 ὴ
1341 1765 1393 1831 όν-

287 1877 375 1966 τςοδὴ
411 1879 448 1942 δέ
481 1877 539 1942 καὶ
572 1876 810 1963 ἀντίστροφος,
845 1878 1076 1965 ἐντεπίρρημα
1111 1878 1148 1942 δὲ
1176 1876 1214 1941 τό
1242 1877 1266 1956 ζ
1293 1878 1392 1962 μ’ἐρος,

240 1999 270 2049 15
288 1987 373 2052 ῶστε
395 1985 595 2071 συμβαίνειν
617 1987 654 2054 τό
678 1989 844 2076 ἐπίρρημα
867 1989 1088 2071 πεντιόνυμον
1114 1991 1287 2071 γίνεσθαι,
1316 1989 1393 2070 ἔχειν

287 2099 350 2181 μὲν
371 2094 571 2182 τὴνὲαντού
586 2090 722 2182 κλησιν,
746 2103 924 2164 καλεῖσθαι
945 2097 982 2163 δὲ
998 2097 1054 2164 καί
1070 2095 1223 2184 στροφὴν
1238 2096 1294 2162 καὶ
1309 2095 1392 2160 ἀντί-

288 2224 456 2293 στροφον·
489 2205 509 2290 ὴ
533 2208 570 2272 δέ
594 2206 663 2296 ῶὸὴ
687 2204 761 2274 κατ’
782 2207 907 2285 αύτούς
930 2213 1078 2273 καλεῖται
1106 2206 1162 2272 καὶ
1184 2203 1329 2292 στροφὴ,
1356 2203 1392 2282 ῶς

247 2320 248 2324 ’
286 2314 461 2404 ὴᾶντςοδὴ
484 2315 541 2382 καλ
563 2315 794 2404 ἀντίστροφος.
832 2317 918 2383 ἄλλα
945 2321 1050 2382 ταῦτα
1071 2318 1137 2401 μὲν
1152 2315 1193 2381 ὀλ
1211 2328 1392 2400 κομψοπρε-

289 2439 361 2502 πεῖς
377 2423 531 2510 ἐξηγηταὶ
546 2426 602 2492 καλ
617 2428 824 2494 διδάσκαλοι.
857 2433 977 2494 Tzetz.
994 2431 1140 2511 proleg.
1157 2433 1196 2490 in
1211 2429 1390 2522 Aris-toph.

238 2542 301 2602 201
321 2541 347 2621 ’ὅ
370 2541 388 2600 5
412 2543 447 2600 in
471 2559 550 2602 nou.
574 2543 794 2604 mus-Rhen'⁸
819 2543 856 2604 Vl
877 2559 906 2621 p.
928 2544 984 2602 114
1002 2560 1050 2621 sq.
1081 2541 1243 2602 Cramer.
1268 2559 1318 2601 an.
1337 2541 1391 2599 Pa·

288 2653 351 2712 riS.
375 2652 388 2712 I
410 2669 439 2730 p.
464 2648 492 2710 8.
523 2645 565 2711 τὰ
586 2651 777 2714 Διονυσίου
803 2672 838 2713 τε
865 2648 922 2713 καὶ
944 2645 1132 2713 Εὐκλείδου
1155 2645 1211 2711 καὶ
1233 2647 1393 2732 Κράτητος

289 2761 431 2834 σκολιῶς
453 2755 509 2822 καί
531 2747 753 2844 πεφυρμένως
775 2759 839 2824 καί
853 2757 1072 2844 ἀπατηρηιως
1099 2756 1271 2841 γραφέντα
1301 2758 1344 2832 είς
1364 2750 1393 2817 τό

290 2866 367 2951 περὶ
388 2871 502 2952 μερῶν
524 2870 699 2954 κωμῳδίας
721 2868 777 2934 καὶ
800 2850 1028 2965 παραβάσεως.
1059 2871 1179 2932 Ττοιτ.
1203 2869 1342 2948 pro'leg.
1364 2869 1391 2926 in

289 2981 575 3061 Aristoph.}1§
600 2983 616 3039 '2
640 2985 676 3042 in
697 3001 780 3043 nou.
804 3001 891 3044 mus.
914 2981 1080 3044 Rhen.v1
1102 3000 1130 3060 p.
1150 2981 1220 3041 119.
1249 2974 1344 3062 χορός
1363 2971 1394 3037 δέ

373 3237 396 3270 α,
411 3223 426 3267 1
443 3209 554 3282 ἁψῖδος
573 3235 616 3270 an.
628 3215 641 3286 ὴ
653 3207 690 3268 ἂν
709 3211 739 3269 δ’
757 3210 797 3277 ῶς
816 3233 858 3270 επ.
871 3216 883 3286 ss
895 3238 919 3269 ν.
934 3223 950 3270 2
970 3217 1068 3284 δεξιᾶς
1087 3208 1355 3283 τετρᾶγωνιζόμενός
1370 3230 1391 3262 τι

290 3294 305 3352 ὁ
324 3295 406 3368 χόρος
430 3295 501 3368 πρὸς
523 3295 629 3368 μόνους
652 3296 718 3362 τούς
740 3294 898 3369 όποκρίτας
922 3321 966 3354 am.
989 3299 1004 3371 ὴ
1025 3322 1048 3353 α.
1074 3307 1091 3354 3
1113 3290 1154 3352 τόν
1178 3294 1391 3364 ἐξελθόντων-

290 3378 364 3450 ἕῶρα
383 3387 419 3450 (u.
438 3388 465 3452 ὃ)
485 3404 538 3438 om.
558 3405 602 3438 an.
631 3385 643 3455 ὴ
672 3395 730 3438 α.5
759 3378 920 3453 ὑποκριτῶν
943 3383 1015 3460 πρὸς
1036 3379 1188 3454 ῶμφόσερα
1211 3381 1246 3436 τὰ
1265 3380 1334 3450 με’ρη
1351 3380 1393 3432 τοό

291 3465 384 3538 δήμου
414 3463 488 3536 ὁρῶν
516 3489 560 3524 an.
585 3468 598 3538 ll
619 3489 643 3522 α.
666 3476 682 3522 ό
710 3466 899 3536 τετραμέτρου
928 3465 1030 3534 ἃεκαέξ
1062 3457 1141 3538 anst]
1167 3477 1221 3521 ν.7
1250 3461 1392 3521 ἑκκαίδεκα

290 3574 340 3608 om.
361 3553 430 3624 amn
448 3561 506 3608 αθ
524 3555 607 3608 τοῦτο
626 3573 679 3607 om.
699 3573 743 3607 an.
768 3553 781 3624 ll
805 3561 859 3607 αθ
888 3548 906 3622 ὴ
938 3547 988 3622 ὅλη
1020 3549 1052 3606 δὲ
1081 3549 1209 3621 κόρυδος
1238 3547 1291 3606 τοῦ
1319 3549 1393 3620 χοροῦ

289 3643 337 3692 Ττ.
362 3639 373 3709 ὴ
396 3660 425 3710 α,
440 3645 472 3693 10
497 3647 561 3692 ante
584 3637 666 3692 ταυτὶ
690 3642 751 3692 add.
771 3642 820 3690 Ττ.
838 3642 938 3692 haece:
968 3635 999 3692 τὸ
1024 3633 1055 3690 δ’
1078 3632 1277 3705 ἐπτόετροφον
1294 3628 1392 3702 ὄργημα

288 3725 371 3778 τοῦτο
384 3722 559 3792 ,παράβασις
582 3718 710 3777 ἐκαλεῖτο
732 3724 772 3790 τῷ
795 3719 871 3790 γένει
891 3718 980 3792 καλὴ
1000 3719 1095 3790 πρῶτη
1115 3720 1148 3775 δὲ
1166 3713 1280 3790 ὄρχησις
1297 3712 1392 3788 ὁμωνύ-

289 3827 347 3876 μως
364 3810 403 3876 τῶ
421 3806 497 3876 γένει
516 3805 690 3876 παραίβασις,
717 3802 865 3872 τότρίτον
882 3803 994 3877 μακρὸν
1010 3807 1060 3860 καὶ
1083 3812 1197 3874 πνῖγος,
1221 3801 1253 3859 τὸ
1272 3801 1393 3870 τέταρτον

289 3889 350 3962 φ”δὴ
373 3892 422 3946 καὶ
446 3888 569 3960 στροφὴ,
599 3888 630 3945 τὸ
649 3889 777 3960 πέμπτον
796 3887 955 3962 ἐπίρρημα,
985 3889 1016 3946 τὸ
1040 3889 1122 3946 ἐκτον
1145 3883 1205 3959 ἅμα
1223 3883 1336 3956 οἷντῳὸὴ
1353 3883 1393 3940 καὶ

289 3974 492 4046 ἀντίστροφος,
522 3972 554 4030 τὸ
582 3971 614 4029 δὲ
633 3973 757 4044 ἕβδομον
774 3971 998 4046 οἷντειτίρρημαὴ
1027 3997 1074 4045 pro
1093 3975 1175 4030 ταυτὶ
1193 3977 1231 4041 (u.
1253 3976 1293 4040 10)
1314 4001 1339 4010 -
1359 3972 1393 4023 δι·

291 4058 429 4118 δύσκολοι
449 4065 485 4128 (u.
507 4064 548 4129 19)
567 4065 683 4130 praebet
702 4080 745 4114 an.
764 4065 848 4114 haec:
880 4062 1031 4130 συμβαίνει
1055 4058 1087 4114 δὲ
1108 4056 1141 4113 τὸ
1160 4055 1303 4126 ἐπίρρημα
1321 4053 1393 4110 πέντε

290 4149 450 4216 σημαίνειν
460 4141 530 4200 αύτό
546 4165 576 4200 τε
594 4142 626 4199 τό
644 4143 754 4200 οίκεῖον
772 4141 985 4214 σημαινόμενον
1003 4145 1053 4212 καλ
1070 4141 1124 4214 τὴν
1142 4139 1270 4212 στροφὴν
1289 4140 1336 4195 καλ
1351 4132 1392 4192 οἷν-

288 4235 443 4300 τίστροφον
465 4231 514 4284 καὶ
538 4225 617 4300 ςόὸὴυ
640 4229 689 4284 καὶ
707 4223 854 4299 όντῳδήν,
892 4225 954 4284 ἐπεὶ
973 4227 1005 4284 δὲ
1022 4224 1040 4300 ὴ
1059 4226 1112 4300 μὲν
1130 4223 1239 4296 στροφὴ
1257 4223 1310 4298 τὴν
1326 4218 1393 4293 φ’ὃὴκ

289 4321 433 4384 σημαίνει,
452 4309 470 4384 ὴ
490 4311 522 4369 δὲ
540 4309 730 4383 οἷντίστροφος
748 4313 800 4384 τὴν
817 4307 951 4382 οἷντιμὸην
