2950 5084
738 213 890 302 „Q

257 389 374 476 κουρίξ
391 395 423 454 A.
440 391 638 474 τῆς·κουρῆς
662 388 899 472 ἐπιλαβόμενοι
918 393 948 452 G.
970 351 1143 462 reuocatis,
1159 355 1216 464 dd
1232 381 1383 471 ὑπερικ-
1462 389 1463 422 ¹

256 503 411 579 retrocco
433 503 480 577 (cf.
504 501 595 568 schol.
612 504 733 563 Bornos,
750 503 768 562 1.
785 523 808 563 s.
827 503 958 582 Apollon.
978 501 1035 563 lex.
1051 503 1170 562 Homer.
1186 521 1216 561 u.
1233 494 1384 582 ὑπερικ-
1462 489 1463 496 ¹

257 615 412 678 ταίνοντο
432 632 460 692 p.
488 613 546 674 158
568 611 690 693 Behh.¹)
711 612 841 674 Eustath.
864 632 892 692 p.
918 613 1007 682 1936,
1030 613 1059 692 9)
1083 613 1116 674 A.
1140 605 1381 672 dosuditovco

258 743 293 784 ex
318 715 378 783 ὑπ’
413 729 441 783 et
474 719 703 804 ἐρικταίνοντο
737 726 929 804 compositum
958 724 989 783 C.
1019 715 1309 802 ὑπερεξετείνοντο
1336 729 1379 781 'cx

256 825 349 914 ὑπὲρ,
371 839 399 893 et
430 829 639 894 tortosanus
670 831 786 916 (ἴκταρ)
816 835 1019 914 compositum.
1064 832 1145 902 Quae
1178 833 1274 893 omnia
1304 851 1379 910 per-

148 1003 150 1008 ,
256 941 386 1002 lustrans
409 945 537 1022 exceptis
565 945 607 1004 eis
629 945 792 1034 dequibus
812 945 930 1005 difficile
952 947 988 1004 sit
1008 945 1167 1004 diiudicatu
1187 940 1269 1003 uelut
1291 935 1380 1002 ἄνο-

197 1109 202 1112 .
257 1059 339 1112 παῖα
361 1048 454 1114 λάων
476 1053 538 1124 aliis
559 1056 608 1114 uix
630 1053 664 1115 a'c
683 1073 721 1115 ne
739 1057 789 1115 uix
812 1056 930 1134 quidem
951 1055 1099 1136 repereris
1121 1053 1172 1114 uhi
1187 1052 1379 1112 Aristarchus

258 1161 366 1224 Crateti
389 1165 540 1233 cesseritr
553 1183 612 1224 una
635 1184 669 1226 ea
689 1167 872 1236 coniectura,
891 1150 953 1244 ¹qua
973 1165 1004 1226 Φ
1023 1163 1084 1224 558
1104 1157 1224 1243 'Idu't'oo
1238 1147 1376 1239 scripsit,

258 1292 345 1350 cluam
369 1274 417 1333 Fr.
440 1274 472 1334 A.
492 1273 580 1334 wod.
593 1277 716 1337 sortasse
738 1277 867 1336 omnium
887 1277 1025 1353 optimam
1045 1275 1125 1344 dixit,
1146 1273 1290 1334 amhahus
1311 1291 1377 1332 ma·

210 1449 214 1458 ,
258 1383 345 1444 nihus
367 1385 490 1462 arripuit
512 1384 655 1445 Thiersch
678 1385 777 1463 p.‘29,
800 1403 859 1444 non
879 1385 964 1446 flocci
985 1385 1117 1446 iacienda
1140 1380 1222 1464 est2).
1265 1383 1378 1442 Conse·

259 1513 352 1572 quens
374 1501 472 1554 autem
487 1503 540 1565 est,
560 1495 711 1556 utcontra
728 1497 872 1556 Cratetem
888 1497 1153 1576 pertinacissImum
1170 1493 1378 1554 oblocutorem

258 1603 427 1664 Aristarcho
445 1607 614 1683 saepissime
636 1606 725 1667 fuerit
743 1607 913 1685 usurpanda
933 1603 1036 1685 διπλῆ
1055 1604 1141 1684 quam
1163 1611 1271 1664 uocant
1288 1622 1378 1682 pura,

259 1731 347 1792 quam
376 1715 494 1804 exhibet
519 1718 686 1777 etiamnunc
706 1717 900 1778 Aristonicus
915 1717 952 1776 ad
972 1717 986 1776 1
1011 1715 1085 1794 169,
1112 1713 1142 1784 Ξ
1161 1716 1216 1784 31,
1245 1716 1282 1774 Ψ
1301 1713 1379 1782 679,

259 1825 292 1886 Sd
315 1824 386 1895 272,
409 1802 540 1886 restituit
557 1828 728 1887 coniciendo
751 1826 836 1887 aliam
855 1827 891 1887 ad
907 1847 927 1886 cc
946 1829 984 1886 24
1003 1825 1194 1902 Scngehusch
1217 1823 1378 1884 Aristonir.
1426 1815 1429 1820 ’

258 1953 287 2012 p.
314 1937 366 2005 17,
394 1937 467 1996 duas
491 1938 576 1998 etiam
599 1939 628 1997 in
655 1938 756 1998 codice
777 1938 887 1998 Veneto
910 1942 1041 1998 seruatas
1066 1938 1128 2014 ipse
1156 1935 1232 2007 addo
1253 1933 1376 1996 alteram

259 2045 296 2104 ad
317 2048 350 2106 A
368 2046 445 2116 473,
482 2047 532 2108 uhi
552 2023 707 2108 Aristonici
728 2033 870 2128 uerbisoj
899 2045 1001 2126 διπλῆ
1032 2041 1082 2106 ὅτι
1115 2040 1271 2126 Παιήονα
1302 2045 1375 2104 κτλ.

194 2145 226 2203 ts
260 2155 404 2218 Cratctem
426 2149 528 2217 notari
543 2147 647 2226 elucet,
669 2158 705 2217 ad
728 2159 764 2218 N
785 2156 876 2239 359³)
898 2158 1028 2218 alteram.
1069 2171 1084 2220 t

253 2319 258 2332 .
344 2267 476 2345 Denique
503 2285 541 2326 ne
566 2267 602 2326 de
625 2274 719 2340 aetate
742 2267 861 2347 quidem
882 2265 1003 2328 Homeri
1024 2268 1100 2327 inter
1122 2273 1281 2345 utrumque
1305 2284 1377 2326 con-

259 2378 349 2445 uenit,
373 2377 423 2436 sed
445 2376 579 2438 floruisse
603 2395 670 2438 cum
692 2380 805 2457 putauit
824 2379 1009 2438 Aristarchus
1031 2371 1113 2457 perd
1141 2370 1202 2454 τήν
1225 2369 1378 2455 Ἰωνικήν

260 2479 419 2546 ἀποικίαν
448 2481 529 2566 μετὰ
553 2485 607 2566 ἔτη
631 2483 675 2570 ρ’,
705 2491 857 2566 sexaginta
885 2507 977 2548 annus
1003 2495 1070 2567 post
1092 2487 1209 2546 Troiam
1240 2505 1377 2546 euersam

261 2596 360 2656 Crates
383 2599 419 2656 ci.
444 2597 637 2674 Sengebusch
659 2599 727 2658 diss
750 2599 869 2659 Homer.
892 2599 934 2667 11,
956 2618 985 2676 p.
1004 2597 1043 2659 32
1065 2617 1108 2677 sq.
1134 2604 1163 2658 et
1179 2615 1206 2674 p.
1232 2599 1272 2656 57
1294 2615 1339 2676 sq.

193 2710 199 2721 '
345 2707 468 2784 Vnicum
488 2715 641 2786 praeterea
661 2715 802 2788 quantum
825 2711 887 2770 scio
906 2716 1040 2790 superest
1055 2727 1161 2769 eorum
1180 2710 1379 2767 contentionis

260 2817 426 2893 uestigium,
442 2817 567 2878 Cratetis
587 2819 651 2878 dico
667 2817 892 2900 epigrammah,
921 2819 1018 2897 quode
1037 2821 1155 2896 egregie
1178 2819 1377 2895 disputantem

261 2926 391 2990 ausculta
413 2927 589 3006 Meinekium
612 2929 687 2989 anal.
717 2929 797 2990 Alex.
817 2947 846 3008 p.
865 2931 918 2992 31:
943 2949 1066 3008 „neque
1089 2929 1189 2990 dubito
1213 2931 1282 3008 quin
1305 2928 1378 2989 iilud

261 3038 406 3123 „Cratetis
427 3040 607 3115 epigramma
630 3059 664 3100 eo
684 3041 747 3118 ipso
769 3047 903 3118 tempore
924 3040 1066 3120 scriptum
1090 3042 1140 3109 sit,
1164 3059 1222 3118 quo
1244 3040 1281 3099 dc
1304 3042 1378 3099 scri·

260 3148 416 3226 „ptoribus
434 3150 463 3208 in
481 3167 623 3210 canonem
640 3150 688 3210 uel
704 3152 879 3230 recipiendis
894 3151 942 3212 uel
959 3169 1018 3211 non
1040 3151 1215 3228 recipiendis
1237 3151 1378 3226 grauissi-

259 3277 500 3286 ι---.-.

348 3335 372 3400 l)
390 3337 433 3385 Ibi
452 3337 576 3401 corrigas
594 3336 656 3386 uolo
675 3341 727 3402 pro¹
742 3326 817 3402 ἄγαν
836 3329 1004 3388 ἕποι’λλοντοε
1023 3327 1245 3388 ἅνεπάλλοντο.’

346 3421 373 3484 2)
394 3421 435 3470 Cf.
455 3420 588 3470 Weloher
605 3421 683 3471 aeder
701 3425 741 3472 die
765 3417 838 3486 Lupe
863 3425 908 3472 des
930 3423 1113 3472 Ilornerischea
1137 3423 1205 3472 Ilion
1227 3421 1255 3468 in
1280 3436 1375 3485 opusc.

178 3507 180 3510 ’
262 3506 298 3568 II,
318 3522 344 3570 p.
364 3506 414 3554 LX
432 3521 471 3570 sq.

190 3611 196 3625 ¹
346 3589 372 3653 3)
392 3590 481 3640 Credo
501 3591 573 3640 enim
592 3591 621 3640 in
639 3591 743 3642 scholio
755 3591 904 3642 Aristonici
918 3607 978 3642 esso
997 3591 1171 3641 scribendum
1188 3579 1233 3640 ὅτι
1252 3583 1287 3641 oo’
1305 3607 1375 3653 παρ-

262 3675 418 3740 αλληγορεῖ
436 3675 509 3736 aci„
539 3691 656 3740 namque
681 3666 728 3726 ἐπ’
751 3667 924 3741 ἀμφοτέροις
947 3677 1121 3726 Aristarchus
1140 3676 1271 3740 quomodo
1291 3678 1376 3726 intor-

182 3781 185 3790 ·
261 3765 386 3825 pretatus
409 3761 446 3809 sit
470 3765 599 3809 accurate
619 3761 701 3810 docet
718 3762 851 3826 Didymus
871 3762 906 3810 ad
923 3761 940 3812 1.
960 3775 992 3823 s,
1011 3765 1107 3810 contra
1126 3753 1180 3812 ista
1198 3761 1376 3825 παραλληγο-

263 3843 311 3909 plo
331 3844 451 3894 Cratetis
471 3849 512 3894 est
530 3846 565 3894 cf.
585 3845 668 3895 schol.
689 3845 719 3894 N
735 3845 792 3898 358,

346 3930 372 3993 4)
393 3929 476 3980 Cuius
496 3933 635 3980 auctorem
653 3931 682 3979 in
700 3931 809 3988 dubium
828 3934 996 3980 uocauerunt
1014 3930 1102 3979 Lehrs
1115 3931 1149 3979 de
1161 3929 1303 3980 uocabulis
1316 3930 1377 3994 phi-

262 4014 343 4078 lolog.
365 4019 417 4064 etc.
437 4031 462 4080 p.
483 4013 532 4064 395
556 4015 703 4078 „Cratetis
722 4014 792 4078 quod
810 4015 898 4063 fertur
922 4015 1114 4078 epigramma“
1140 4020 1167 4064 et
1189 4016 1223 4064 B.
1242 4015 1376 4064 Thiersch

262 4116 288 4164 p.
308 4098 338 4146 61
360 4114 421 4147 cum
438 4099 540 4149 uiderit
559 4117 575 4149 a
588 4101 681 4149 Laort.
694 4100 775 4163 Diog.
788 4099 855 4162 1111,
873 4097 905 4148 23
923 4103 1033 4162 praeter
1052 4099 1260 4163 grammaticum
1280 4099 1376 4148 Orate-

262 4189 317 4232 tem
337 4174 559 4250 ἐπιγραμμάτων
577 4175 701 4249 ποιητήν
717 4183 833 4234 laudari.
870 4183 914 4233 Cf.
934 4185 1043 4234 omnino
1062 4184 1096 4232 dc
1115 4200 1147 4234 eo
1165 4183 1296 4236 Meineke
1314 4183 1332 4232 1.
1353 4201 1375 4232 s.

263 4285 288 4333 p.
308 4267 323 4317 3
342 4283 382 4331 sq.
403 4273 430 4316 et
447 4269 478 4318 31
499 4285 549 4333 sq„
569 4269 703 4317 'Phiersch
721 4284 747 4332 p.
766 4266 799 4318 63
816 4269 849 4316 de
869 4269 1013 4318 obscoenis
1033 4269 1092 4317 eius
1112 4267 1296 4334 amphiboliis.
