2950 5084
767 231 918 318 AL
1118 307 1120 315 s

286 429 461 490 r.onymus
492 410 748 500 eddoaligor
777 411 844 471 ool.
873 412 885 472 I
913 429 943 489 p.
974 413 1024 472 97.
1066 405 1217 491 Ὅμηρον
1239 404 1300 470 τὸν
1322 405 1400 491 παρ’

277 515 412 600 Ἕλλησι
434 517 539 600 μέγαν
561 513 703 602 ποιητὴν
726 516 841 601 οἱμὲν
864 517 940 602 περὶ
962 514 1119 600 Κράτητα
1142 515 1207 602 πρὸ
1228 520 1287 600 τῆς
1303 513 1402 601 Ἡρα-

202 669 207 682 ·
286 627 443 711 κλειδῶν
458 627 611 692 καθόδου
634 627 718 710 φασὶ
739 627 923 710 γεγονέναι.
971 619 1172 710 Ξγυοοίἰυε
1201 629 1400 709 chronogr.

286 741 355 800 uol.
379 741 391 802 Ι
413 759 442 822 p.
456 732 529 802 ’339
551 741 717 802 Dindorf.
762 735 895 821 Κράτης
918 736 955 800 δὲ
977 733 1059 820 μετά
1083 735 1243 820 ἑξήκοντα
1265 738 1321 820 ἔτη
1346 740 1401 800 τοῦ

230 845 426 911 ΧιἰἸλιακοῦ
460 849 608 930 πολέμου
644 848 819 930 γεγονέναι
856 845 961 930 φησὶν
993 843 1108 910 αὐτόν.
1153 851 1227 910 uita
1255 851 1400 911 Homeri

287 961 363 1021 cod.
388 959 522 1025 Μοινῑι,
545 962 584 1021 67
608 981 636 1040 p.
662 963 695 1022 31
726 962 776 1022 ed.
799 955 1066 1022 Westermann.
1099 957 1135 1020 οί
1152 955 1189 1022 δὲ
1213 954 1291 1039 περί
1310 956 1400 1041 Κρά-

287 1089 368 1149 τητα
391 1063 579 1148 ἀνάγουσιν
601 1064 706 1132 αῦτόν
729 1069 774 1143 είς
789 1063 867 1142 τοῦς
887 1063 1056 1152 Τρωικοὺς
1070 1065 1223 1151 χρόνους.
1247 1069 1399 1130 Proolus

287 1181 364 1240 uita
387 1181 539 1240 Homeri
561 1199 589 1260 p.
614 1179 654 1242 26
678 1182 729 1242 ed.
753 1177 1018 1242 sttormann.

373 1289 390 1346 2
422 1289 591 1363 Σέλευκος
609 1287 646 1352 δὲ
670 1288 708 1352 ἐν
729 1287 765 1370 β’
787 1286 864 1370 περὶ
885 1290 972 1370 βίων
993 1283 1200 1370 ἁμαρτάνειν
1215 1285 1298 1370 φησὶ
1313 1287 1399 1371 Κρά-

195 1457 198 1465 .
239 1412 270 1462 10
286 1417 368 1478 τητα
390 1399 565 1478 νομίζοντα
589 1393 693 1481 [τοῦς]
719 1397 757 1462 ἐν
778 1409 850 1474 ταῖς
871 1399 994 1480 [Χίοις]
1020 1396 1214 1479 ίεροποιίαις
1230 1377 1400 1482 Ὁμηρίδας

288 1502 479 1587 ἀπογόνους
494 1500 580 1570 εἶναι
595 1510 656 1570 τοῦ
671 1509 835 1590 ποιητοῦ,
859 1506 1110 1589 Harpocratio
1133 1529 1162 1570 ιι.
1182 1504 1396 1590 Ὁμηρίδαι.

373 1619 391 1680 3
435 1618 643 1700 μαρτυροῦσι
671 1617 708 1681 δὲ
736 1617 870 1700 Κράτης
898 1615 955 1682 καὶ
978 1613 1101 1680 Ἀπίων
1124 1612 1142 1680 ὁ
1163 1619 1399 1700 Πλειστονίκης

289 1721 338 1786 ὅτι
371 1721 577 1809 άστρονόμος
601 1725 755 1814 Ὅμηρος.
808 1729 979 1792 Achilles
1016 1731 1145 1792 Tatius
1183 1733 1321 1810 isagog.
1350 1749 1397 1807 ap.

287 1835 411 1898 Potau.
435 1839 626 1917 uranolog.
650 1859 679 1918 p.
706 1841 764 1900 124
781 1840 814 1901 Β.

239 2073 269 2124 15
712 2057 760 2120 IN
784 2056 980 2122 ILIADEM

346 2261 348 2264 .
372 2214 405 2272 A
423 2215 448 2271 1.
467 2205 515 2272 -Ἡ
535 2209 684 2277 δοκοῦσα
705 2207 827 2293 άρχαία
845 2205 942 2285 Ἰλιάς
965 2210 1125 2292 λεγομένη
1149 2209 1186 2272 δὲ
1205 2207 1397 2274 Ἀπελλικῶ-

287 2339 345 2391 νος
367 2321 545 2399 προοίμιον
568 2321 634 2402 ἔχει
662 2323 762 2384 τοῦτο
798 2319 974 2401 ,γΜούσας
1001 2316 1104 2394 doddo
1133 2316 1189 2383 καὶ
1213 2315 1397 2384 Ἀπόλλωνα

288 2425 531 2510 κλυτότοξονίῑ,
556 2423 600 2506 ῦς
622 2431 678 2496 καλ
694 2428 857 2512 Νικάνωρ
873 2429 1036 2512 μέμνηται
1052 2428 1108 2492 καὶ
1123 2427 1257 2513 Κράτης
1280 2431 1318 2494 ἐν
1338 2439 1398 2502 τοῖς

288 2537 530 2620 ὃιορθωτικοῖς.
576 2541 795 2602 anecdotum
818 2543 1017 2606 Romanum
1039 2561 1067 2620 p.
1092 2543 1111 2601 5
1135 2543 1186 2604 od.
1210 2542 1340 2603 Osann.

236 2664 270 2714 20
371 2651 432 2710 *A
453 2653 494 2712 59
517 2670 560 2730 sq.
606 2645 689 2714 κατά
712 2649 869 2732 Κράτητα
896 2647 953 2713 καὶ
980 2654 1153 2734 Περσαίου
1182 2645 1258 2713 οὔτε
1286 2647 1397 2734 φρόνι-

286 2779 348 2839 μος
369 2753 446 2821 οὔτε
468 2742 617 2842 σώφρων
640 2755 717 2824 οὔτε
739 2756 896 2842 άυῦρεῑος
918 2762 973 2837 (ost
995 2761 1143 2838 Achilles).
1179 2762 1296 2824 schol.
1321 2763 1343 2824 B
1364 2760 1395 2822 ΙΙ.

287 2870 373 2952 Αιι
397 2871 420 2930 L
443 2871 482 2931 ιι.
505 2875 538 2932 A
560 2873 609 2933 οι.

372 2983 404 3040 Α
426 2983 546 3060 69186.
592 2978 637 3042 ἑά
670 2977 725 3042 ἐπὶ
758 2983 818 3043 τοῦ
851 2979 1017 3062 παρόντος
1044 2975 1093 3055 do
1124 2981 1299 3063 τερατείαν
1330 2975 1397 3042 τινά

287 3084 349 3168 τήν
372 3086 545 3171 Κράτητος
572 3091 780 3172 φιλοσοφίαν
808 3087 857 3152 ὅτι
880 3087 965 3166 Ζεῦς
987 3087 1214 3174 άναμέτρησιν
1236 3093 1298 3154 τοῦ
1320 3111 1396 3152 παν-

237 3217 270 3268 25
288 3193 342 3271 τὸς
366 3195 583 3286 ίσπουῦακάς
604 3199 765 3280 γενέσθαι
787 3197 850 3262 δύο
871 3212 1013 3282 πυρσοῖς
1036 3201 1277 3284 ι’σοῦρομοῦσιν
1287 3195 1397 3282 Ἡφαί-

288 3322 355 3392 στῳ
377 3329 412 3372 τε
435 3305 492 3372 καὶ
512 3303 596 3394 ἡλίῳ
624 3308 868 3393 διετεκμήρατο
891 3313 952 3373 τοῦ
974 3308 1103 3392 κόσμου
1126 3306 1166 3374 τά
1188 3307 1396 3393 διαστήματα.

287 3413 347 3482 τὸν
374 3417 437 3500 μὲν
464 3415 601 3490 ἄνωθεν
629 3415 695 3482 άπὸ
723 3421 784 3486 τοῦ
805 3421 912 3502 βηλοῦ
935 3419 1146 3502 καλουμένου
1169 3417 1269 3503 ῥίψας
1291 3417 1349 3484 τὸν
1369 3413 1396 3482 δ’

356 3626 380 3658 ιι.
392 3613 408 3658 2
419 3605 493 3673 περὶ
510 3601 646 3674 Κράτητα
664 3609 737 3659 malo
757 3609 831 3659 infra
849 3613 912 3674 post
929 3605 1078 3673 γεγονέναι
1097 3610 1215 3675 positum
1235 3614 1263 3659 et
1281 3611 1310 3660 in
1328 3623 1396 3672 περι-

288 3685 471 3758 κρατήσαντα
485 3699 641 3758 corruptum
654 3693 699 3742 hic
714 3694 819 3744 addidit
832 3693 1011 3758 Sengebusoh
1024 3695 1089 3746 diss.
1102 3695 1214 3744 Homer.
1227 3695 1241 3744 I
1253 3712 1278 3760 p.
1292 3693 1322 3742 18
1332 3688 1344 3760 H
1355 3693 1397 3740 αλ

288 3775 353 3844 βίον
370 3779 394 3826 Δ
427 3769 478 3827 τὸν
495 3775 560 3843 βίον
574 3778 597 3826 Β
612 3772 625 3844 H
641 3795 666 3826 α.
680 3781 713 3827 16
730 3770 796 3836 τοῦς
808 3779 948 3844 suppleuit
960 3778 1138 3843 Songebusch
1156 3781 1185 3828 in
1203 3779 1295 3828 Iahnii
1314 3775 1395 3828 annal.

287 3861 320 3912 67
339 3879 364 3927 p.
383 3859 433 3910 267
451 3877 492 3926 sq.
513 3862 549 3913 of..
569 3862 635 3911 diss.
654 3863 765 3912 Homer.
785 3864 812 3914 11
829 3880 855 3928 p.
875 3862 909 3915 48
926 3847 1088 3930 ταμίαις
1107 3859 1224 3929 addidill
1249 3853 1396 3928 Ὁμηρίδαις

289 3939 366 3996 εἶναι
384 3935 547 4010 άπογόνους
564 3944 616 3996 τοῦ
627 3947 647 3994 B
658 3941 671 4012 fl
682 3963 706 3998 κ.
721 3950 753 3996 16
771 3937 968 4005 Ἀπελλικῶνος
987 3963 1055 4000 corr.
1072 3948 1209 3998 Nauckvin
1222 3947 1352 4013 philolog.
1364 3943 1395 3992 VI

288 4049 315 4096 p.
329 4030 379 4081 563
398 4035 426 4080 et
444 4031 551 4082 obseru.
572 4031 632 4080 orit.
652 4031 685 4080 de
704 4035 773 4096 trag.
793 4048 820 4096 p.
839 4030 870 4081 31
890 4047 938 4096 pro
957 4021 1010 4082 ἅττ’
1031 4021 1181 4090 Ἑλικῶνος
1222 4031 1317 4081 Osann
1334 4027 1394 4079 coni·

288 4105 344 4167 ἄπ’
365 4115 410 4166 uel
428 4104 484 4180 α’φ’
500 4107 649 4174 Ἑλικῶνος
660 4111 673 4182 ss
684 4133 707 4164 κ.
721 4119 758 4166 23
776 4109 879 4179 τέρατά
898 4131 963 4166 τινα
981 4118 1001 4166 1.
1021 4117 1093 4182 apud
1106 4117 1313 4168 Baohmonnum
1360 4125 1394 4160 τε·

289 4192 402 4265 ρατάὸη
421 4201 534 4250 Bokkor
544 4196 556 4266 l]
568 4218 592 4250 ιι.
606 4203 641 4254 24
658 4205 720 4266 post
732 4193 881 4266 Κράτητος
894 4201 955 4250 odd.
970 4203 989 4250 1.
1007 4200 1058 4252 τοῦ
1071 4199 1202 4268 Θηβαίου
1213 4197 1226 4268 ss
1237 4218 1261 4250 ιι.
1275 4205 1308 4252 27
1324 4201 1395 4248 immo

288 4277 377 4349 βήλου
397 4285 433 4334 of.
453 4285 504 4350 frg.
524 4299 564 4348 sq.
