<?xml version="1.0" encoding="UTF-8"?>
<!DOCTYPE html PUBLIC "-//W3C//DTD XHTML 1.0 Transitional//EN"
    "http://www.w3.org/TR/xhtml1/DTD/xhtml1-transitional.dtd">
<html xmlns="http://www.w3.org/1999/xhtml" xml:lang="en" lang="en">
 <head>
  <title>
</title>
<meta http-equiv="Content-Type" content="text/html;charset=utf-8" />
  <meta name='ocr-system' content='tesseract 3.04.00' />
  <meta name='ocr-capabilities' content='ocr_page ocr_carea ocr_par ocr_line ocrx_word'/>
</head>
<body>
  <div class='ocr_page' id='page_1' title='image "./decratetemallot00wachgoog_0027.png"; bbox 0 0 2950 5084; ppageno 0'>
   <div class='ocr_carea' id='block_1_1' title="bbox 718 205 863 304">
    <p class='ocr_par' dir='ltr' id='par_1_1' title="bbox 718 205 863 304">
     <span class='ocr_line' id='line_1_1' title="bbox 718 205 863 304; baseline 0 0"><span class='ocrx_word' id='word_1_1' title='bbox 718 205 863 304; x_wconf 72' lang='grc' dir='ltr'><em>ἀι</em></span> 
     </span>
    </p>
   </div>
   <div class='ocr_carea' id='block_1_2' title="bbox 767 325 918 334">
    <p class='ocr_par' dir='ltr' id='par_1_2' title="bbox 767 325 918 334">
     <span class='ocr_line' id='line_1_2' title="bbox 767 325 918 334; baseline 0.013 -2"><span class='ocrx_word' id='word_1_2' title='bbox 767 325 918 334; x_wconf 75' lang='grc'><strong>---</strong></span> 
     </span>
    </p>
   </div>
   <div class='ocr_carea' id='block_1_3' title="bbox 191 420 1472 2823">
    <p class='ocr_par' dir='ltr' id='par_1_3' title="bbox 191 420 1472 2160">
     <span class='ocr_line' id='line_1_3' title="bbox 370 420 1411 507; baseline 0.003 -21"><span class='ocrx_word' id='word_1_3' title='bbox 370 426 464 504; x_wconf 80' lang='lat' dir='ltr'><strong>Atque</strong></span> <span class='ocrx_word' id='word_1_4' title='bbox 488 423 676 486; x_wconf 70' lang='lat' dir='ltr'>Alexandrini</span> <span class='ocrx_word' id='word_1_5' title='bbox 705 427 824 506; x_wconf 90' lang='lat' dir='ltr'><strong>quidem</strong></span> <span class='ocrx_word' id='word_1_6' title='bbox 849 427 881 489; x_wconf 86' lang='lat' dir='ltr'><strong>in</strong></span> <span class='ocrx_word' id='word_1_7' title='bbox 906 428 1037 488; x_wconf 89' lang='lat' dir='ltr'><strong>llomero</strong></span> <span class='ocrx_word' id='word_1_8' title='bbox 1059 461 1094 470; x_wconf 91' lang='lat'><strong>--</strong></span> <span class='ocrx_word' id='word_1_9' title='bbox 1118 420 1341 507; x_wconf 70' lang='grc' dir='ltr'><em>γραμματικοὶ</em></span> <span class='ocrx_word' id='word_1_10' title='bbox 1366 423 1411 490; x_wconf 77' lang='grc' dir='ltr'><strong>δὲ</strong></span> 
     </span>
     <span class='ocr_line' id='line_1_4' title="bbox 286 527 1471 618; baseline 0.004 -24"><span class='ocrx_word' id='word_1_11' title='bbox 286 529 348 595; x_wconf 80' lang='grc' dir='ltr'><strong>οὐκ</strong></span> <span class='ocrx_word' id='word_1_12' title='bbox 370 529 478 606; x_wconf 78' lang='grc' dir='ltr'><em>ἄλλως</em></span> <span class='ocrx_word' id='word_1_13' title='bbox 501 533 548 606; x_wconf 83' lang='grc' dir='ltr'><strong>εἰς</strong></span> <span class='ocrx_word' id='word_1_14' title='bbox 569 531 662 607; x_wconf 80' lang='grc' dir='ltr'><em>τέλος</em></span> <span class='ocrx_word' id='word_1_15' title='bbox 684 534 715 596; x_wconf 83' lang='grc' dir='ltr'><strong>ελ</strong></span> <span class='ocrx_word' id='word_1_16' title='bbox 734 530 779 617; x_wconf 73' lang='grc' dir='ltr'><strong>μὴ</strong></span> <span class='ocrx_word' id='word_1_17' title='bbox 803 531 848 596; x_wconf 75' lang='grc' dir='ltr'><em>δι’</em></span> <span class='ocrx_word' id='word_1_18' title='bbox 871 531 977 598; x_wconf 79' lang='grc' dir='ltr'><em>αὐτοῦ</em></span> <span class='ocrx_word' id='word_1_19' title='bbox 998 573 1040 582; x_wconf 81' lang='lat'><strong>-·</strong></span> <span class='ocrx_word' id='word_1_20' title='bbox 1062 537 1170 618; x_wconf 90' lang='lat' dir='ltr'><strong>oppido</strong></span> <span class='ocrx_word' id='word_1_21' title='bbox 1191 537 1409 598; x_wconf 90' lang='lat' dir='ltr'><strong>uersicolnrem</strong></span> <span class='ocrx_word' id='word_1_22' title='bbox 1470 527 1471 548; x_wconf 56' lang='lat'>¹</span> 
     </span>
     <span class='ocr_line' id='line_1_5' title="bbox 286 645 1409 726; baseline 0 -18"><span class='ocrx_word' id='word_1_23' title='bbox 286 663 374 723; x_wconf 80' lang='lat' dir='ltr'><strong>qnam</strong></span> <span class='ocrx_word' id='word_1_24' title='bbox 404 646 466 706; x_wconf 87' lang='lat' dir='ltr'><strong>eins</strong></span> <span class='ocrx_word' id='word_1_25' title='bbox 489 645 583 706; x_wconf 88' lang='lat' dir='ltr'><strong>uerba</strong></span> <span class='ocrx_word' id='word_1_26' title='bbox 610 645 771 707; x_wconf 84' lang='lat' dir='ltr'><strong>mrrltorum</strong></span> <span class='ocrx_word' id='word_1_27' title='bbox 801 648 987 708; x_wconf 80' lang='lat' dir='ltr'><strong>saeordornm</strong></span> <span class='ocrx_word' id='word_1_28' title='bbox 1010 649 1123 708; x_wconf 84' lang='lat' dir='ltr'><strong>incuria</strong></span> <span class='ocrx_word' id='word_1_29' title='bbox 1143 647 1299 708; x_wconf 89' lang='lat' dir='ltr'><strong>induerant</strong></span> <span class='ocrx_word' id='word_1_30' title='bbox 1315 655 1409 726; x_wconf 91' lang='lat' dir='ltr'><strong>atque</strong></span> 
     </span>
     <span class='ocr_line' id='line_1_6' title="bbox 284 754 1408 836; baseline 0.004 -22"><span class='ocrx_word' id='word_1_31' title='bbox 284 754 497 833; x_wconf 77' lang='lat' dir='ltr'><strong>inaequabilem</strong></span> <span class='ocrx_word' id='word_1_32' title='bbox 519 757 633 817; x_wconf 88' lang='lat' dir='ltr'><strong>uestem</strong></span> <span class='ocrx_word' id='word_1_33' title='bbox 651 757 687 818; x_wconf 91' lang='lat' dir='ltr'><strong>ad</strong></span> <span class='ocrx_word' id='word_1_34' title='bbox 710 757 923 836; x_wconf 74' lang='lat' dir='ltr'><strong>aequabilitatis</strong></span> <span class='ocrx_word' id='word_1_35' title='bbox 938 764 1035 818; x_wconf 86' lang='lat' dir='ltr'><strong>certas</strong></span> <span class='ocrx_word' id='word_1_36' title='bbox 1050 775 1169 820; x_wconf 81' lang='lat' dir='ltr'><strong>norntas</strong></span> <span class='ocrx_word' id='word_1_37' title='bbox 1184 755 1408 836; x_wconf 83' lang='lat' dir='ltr'><strong>diligentissime</strong></span> 
     </span>
     <span class='ocr_line' id='line_1_7' title="bbox 284 867 1409 950; baseline 0.001 -25"><span class='ocrx_word' id='word_1_38' title='bbox 284 873 389 944; x_wconf 86' lang='lat' dir='ltr'><strong>poetae</strong></span> <span class='ocrx_word' id='word_1_39' title='bbox 411 867 622 927; x_wconf 89' lang='lat' dir='ltr'><strong>consuetudine</strong></span> <span class='ocrx_word' id='word_1_40' title='bbox 645 867 802 928; x_wconf 87' lang='lat' dir='ltr'><strong>obseruata</strong></span> <span class='ocrx_word' id='word_1_41' title='bbox 824 869 960 944; x_wconf 76' lang='lat' dir='ltr'><strong>redigere</strong></span> <span class='ocrx_word' id='word_1_42' title='bbox 981 883 1095 930; x_wconf 88' lang='lat' dir='ltr'><strong>summa</strong></span> <span class='ocrx_word' id='word_1_43' title='bbox 1115 886 1205 950; x_wconf 89' lang='lat' dir='ltr'><strong>opera</strong></span> <span class='ocrx_word' id='word_1_44' title='bbox 1227 868 1409 932; x_wconf 89' lang='lat' dir='ltr'><strong>studuerunt</strong></span> 
     </span>
     <span class='ocr_line' id='line_1_8' title="bbox 285 977 1405 1056; baseline 0.002 -20"><span class='ocrx_word' id='word_1_45' title='bbox 285 977 488 1054; x_wconf 89' lang='lat' dir='ltr'><strong>accuratisque</strong></span> <span class='ocrx_word' id='word_1_46' title='bbox 510 977 618 1036; x_wconf 90' lang='lat' dir='ltr'><strong>linibus</strong></span> <span class='ocrx_word' id='word_1_47' title='bbox 641 984 747 1056; x_wconf 86' lang='lat' dir='ltr'><strong>poetae</strong></span> <span class='ocrx_word' id='word_1_48' title='bbox 772 979 995 1040; x_wconf 86' lang='lat' dir='ltr'><strong>condonandam</strong></span> <span class='ocrx_word' id='word_1_49' title='bbox 1022 978 1175 1040; x_wconf 86' lang='lat' dir='ltr'><strong>licentiam</strong></span> <span class='ocrx_word' id='word_1_50' title='bbox 1192 978 1405 1046; x_wconf 84' lang='lat' dir='ltr'><strong>limitanernnt,</strong></span> 
     </span>
     <span class='ocr_line' id='line_1_9' title="bbox 285 1083 1472 1168; baseline 0.001 -22"><span class='ocrx_word' id='word_1_51' title='bbox 285 1093 382 1146; x_wconf 88' lang='lat' dir='ltr'><strong>cetera</strong></span> <span class='ocrx_word' id='word_1_52' title='bbox 415 1105 490 1164; x_wconf 86' lang='lat' dir='ltr'><strong>quae</strong></span> <span class='ocrx_word' id='word_1_53' title='bbox 523 1089 636 1148; x_wconf 88' lang='lat' dir='ltr'><strong>statutis</strong></span> <span class='ocrx_word' id='word_1_54' title='bbox 661 1083 777 1164; x_wconf 81' lang='lat' dir='ltr'><strong>legibus</strong></span> <span class='ocrx_word' id='word_1_55' title='bbox 802 1095 1004 1168; x_wconf 83' lang='lat' dir='ltr'><strong>repugnarent</strong></span> <span class='ocrx_word' id='word_1_56' title='bbox 1033 1089 1081 1150; x_wconf 86' lang='lat' dir='ltr'><strong>uel</strong></span> <span class='ocrx_word' id='word_1_57' title='bbox 1114 1089 1327 1154; x_wconf 87' lang='lat' dir='ltr'><strong>damnauerunt</strong></span> <span class='ocrx_word' id='word_1_58' title='bbox 1354 1089 1408 1148; x_wconf 91' lang='lat' dir='ltr'><strong>uel</strong></span> <span class='ocrx_word' id='word_1_59' title='bbox 1471 1120 1472 1128; x_wconf 30' lang='grc' dir='ltr'><em>ι</em></span> 
     </span>
     <span class='ocr_line' id='line_1_10' title="bbox 194 1198 1472 1278; baseline 0.002 -22"><span class='ocrx_word' id='word_1_60' title='bbox 194 1267 199 1278; x_wconf 70' lang='lat'><strong>.</strong></span> <span class='ocrx_word' id='word_1_61' title='bbox 285 1204 486 1258; x_wconf 75' lang='lat' dir='ltr'><strong>correxerunt.</strong></span> <span class='ocrx_word' id='word_1_62' title='bbox 532 1198 595 1269; x_wconf 77' lang='lat' dir='ltr'><strong>Ouo</strong></span> <span class='ocrx_word' id='word_1_63' title='bbox 623 1199 654 1258; x_wconf 89' lang='lat' dir='ltr'><strong>in</strong></span> <span class='ocrx_word' id='word_1_64' title='bbox 682 1202 806 1260; x_wconf 82' lang='lat' dir='ltr'><strong>munere</strong></span> <span class='ocrx_word' id='word_1_65' title='bbox 833 1199 978 1278; x_wconf 83' lang='lat' dir='ltr'><strong>explendo</strong></span> <span class='ocrx_word' id='word_1_66' title='bbox 1006 1217 1092 1261; x_wconf 89' lang='lat' dir='ltr'><strong>nemo</strong></span> <span class='ocrx_word' id='word_1_67' title='bbox 1115 1201 1209 1261; x_wconf 87' lang='lat' dir='ltr'><strong>nescit</strong></span> <span class='ocrx_word' id='word_1_68' title='bbox 1236 1200 1406 1278; x_wconf 77' lang='lat' dir='ltr'><strong>principem</strong></span> <span class='ocrx_word' id='word_1_69' title='bbox 1471 1207 1472 1234; x_wconf 63' lang='lat' dir='ltr'><strong>l</strong></span> 
     </span>
     <span class='ocr_line' id='line_1_11' title="bbox 285 1307 1407 1389; baseline 0.002 -23"><span class='ocrx_word' id='word_1_70' title='bbox 285 1309 413 1367; x_wconf 84' lang='lat' dir='ltr'><strong>extitisse</strong></span> <span class='ocrx_word' id='word_1_71' title='bbox 450 1307 648 1380; x_wconf 90' lang='lat' dir='ltr'><strong>Zenodotnm,</strong></span> <span class='ocrx_word' id='word_1_72' title='bbox 689 1316 823 1370; x_wconf 90' lang='lat' dir='ltr'><strong>secutum</strong></span> <span class='ocrx_word' id='word_1_73' title='bbox 858 1327 923 1370; x_wconf 86' lang='lat' dir='ltr'><strong>esse</strong></span> <span class='ocrx_word' id='word_1_74' title='bbox 959 1310 1184 1389; x_wconf 87' lang='lat' dir='ltr'><strong>Aristophanem</strong></span> <span class='ocrx_word' id='word_1_75' title='bbox 1219 1310 1407 1388; x_wconf 80' lang='lat' dir='ltr'><strong>Byzantinus,</strong></span> 
     </span>
     <span class='ocr_line' id='line_1_12' title="bbox 285 1416 1407 1498; baseline 0.001 -22"><span class='ocrx_word' id='word_1_76' title='bbox 285 1418 416 1478; x_wconf 89' lang='lat' dir='ltr'><strong>omnium</strong></span> <span class='ocrx_word' id='word_1_77' title='bbox 439 1416 564 1496; x_wconf 87' lang='lat' dir='ltr'><strong>denique</strong></span> <span class='ocrx_word' id='word_1_78' title='bbox 584 1421 712 1480; x_wconf 81' lang='lat' dir='ltr'><strong>manime</strong></span> <span class='ocrx_word' id='word_1_79' title='bbox 735 1426 890 1482; x_wconf 87' lang='lat' dir='ltr'><strong>strenuum</strong></span> <span class='ocrx_word' id='word_1_80' title='bbox 917 1419 1141 1498; x_wconf 82' lang='lat' dir='ltr'><strong>aequabilitatis</strong></span> <span class='ocrx_word' id='word_1_81' title='bbox 1158 1420 1306 1480; x_wconf 89' lang='lat' dir='ltr'><strong>uindicem</strong></span> <span class='ocrx_word' id='word_1_82' title='bbox 1331 1437 1407 1496; x_wconf 90' lang='lat' dir='ltr'><strong>pro-</strong></span> 
     </span>
     <span class='ocr_line' id='line_1_13' title="bbox 285 1527 1409 1609; baseline 0.001 -21"><span class='ocrx_word' id='word_1_83' title='bbox 285 1527 373 1588; x_wconf 87' lang='lat' dir='ltr'><strong>diisse</strong></span> <span class='ocrx_word' id='word_1_84' title='bbox 395 1527 606 1593; x_wconf 77' lang='lat' dir='ltr'><strong>Aristarchum.</strong></span> <span class='ocrx_word' id='word_1_85' title='bbox 651 1529 765 1590; x_wconf 78' lang='lat' dir='ltr'><strong>Grinois</strong></span> <span class='ocrx_word' id='word_1_86' title='bbox 786 1537 884 1591; x_wconf 88' lang='lat' dir='ltr'><strong>antem</strong></span> <span class='ocrx_word' id='word_1_87' title='bbox 907 1533 985 1592; x_wconf 89' lang='lat' dir='ltr'><strong>curis</strong></span> <span class='ocrx_word' id='word_1_88' title='bbox 1006 1530 1166 1609; x_wconf 89' lang='lat' dir='ltr'><strong>plurimum</strong></span> <span class='ocrx_word' id='word_1_89' title='bbox 1194 1547 1303 1608; x_wconf 90' lang='lat' dir='ltr'><strong>operae</strong></span> <span class='ocrx_word' id='word_1_90' title='bbox 1331 1548 1409 1590; x_wconf 90' lang='lat' dir='ltr'><strong>snae</strong></span> 
     </span>
     <span class='ocr_line' id='line_1_14' title="bbox 191 1637 1408 1728; baseline 0.002 -31"><span class='ocrx_word' id='word_1_91' title='bbox 191 1723 194 1728; x_wconf 25' lang='grc' dir='ltr'>Ι</span> <span class='ocrx_word' id='word_1_92' title='bbox 284 1637 400 1698; x_wconf 90' lang='lat' dir='ltr'><strong>absumi</strong></span> <span class='ocrx_word' id='word_1_93' title='bbox 427 1637 587 1700; x_wconf 88' lang='lat' dir='ltr'><strong>noluerunt</strong></span> <span class='ocrx_word' id='word_1_94' title='bbox 608 1647 637 1699; x_wconf 88' lang='lat' dir='ltr'><strong>et</strong></span> <span class='ocrx_word' id='word_1_95' title='bbox 664 1641 798 1718; x_wconf 88' lang='lat' dir='ltr'><strong>quamuis</strong></span> <span class='ocrx_word' id='word_1_96' title='bbox 825 1660 859 1702; x_wconf 89' lang='lat' dir='ltr'><strong>ea</strong></span> <span class='ocrx_word' id='word_1_97' title='bbox 886 1660 1003 1720; x_wconf 88' lang='lat' dir='ltr'><strong>qnoque</strong></span> <span class='ocrx_word' id='word_1_98' title='bbox 1033 1641 1173 1720; x_wconf 24' lang='lat' dir='ltr'><strong>quaeqatl</strong></span> <span class='ocrx_word' id='word_1_99' title='bbox 1197 1639 1408 1718; x_wconf 87' lang='lat' dir='ltr'><strong>explicandum</strong></span> 
     </span>
     <span class='ocr_line' id='line_1_15' title="bbox 284 1749 1409 1836; baseline 0.002 -28"><span class='ocrx_word' id='word_1_100' title='bbox 284 1755 401 1825; x_wconf 86' lang='lat' dir='ltr'><strong>poetam</strong></span> <span class='ocrx_word' id='word_1_101' title='bbox 423 1755 544 1826; x_wconf 89' lang='lat' dir='ltr'><strong>possent</strong></span> <span class='ocrx_word' id='word_1_102' title='bbox 563 1749 699 1810; x_wconf 91' lang='lat' dir='ltr'><strong>conlerre</strong></span> <span class='ocrx_word' id='word_1_103' title='bbox 721 1758 876 1828; x_wconf 81' lang='lat' dir='ltr'><strong>curarent,¹</strong></span> <span class='ocrx_word' id='word_1_104' title='bbox 890 1751 1000 1814; x_wconf 92' lang='lat' dir='ltr'><strong>nnllam</strong></span> <span class='ocrx_word' id='word_1_105' title='bbox 1023 1758 1120 1812; x_wconf 92' lang='lat' dir='ltr'><strong>tamen</strong></span> <span class='ocrx_word' id='word_1_106' title='bbox 1143 1757 1321 1836; x_wconf 79' lang='lat' dir='ltr'><strong>censuerunt</strong></span> <span class='ocrx_word' id='word_1_107' title='bbox 1336 1769 1409 1812; x_wconf 88' lang='lat' dir='ltr'><strong>esse</strong></span> 
     </span>
     <span class='ocr_line' id='line_1_16' title="bbox 284 1843 1472 1944; baseline 0.003 -27"><span class='ocrx_word' id='word_1_108' title='bbox 284 1859 407 1922; x_wconf 84' lang='lat' dir='ltr'><strong>Homeri</strong></span> <span class='ocrx_word' id='word_1_109' title='bbox 422 1859 585 1920; x_wconf 88' lang='lat' dir='ltr'><strong>doctrinam</strong></span> <span class='ocrx_word' id='word_1_110' title='bbox 603 1868 839 1940; x_wconf 88' lang='lat' dir='ltr'><strong>sprcuernntque</strong></span> <span class='ocrx_word' id='word_1_111' title='bbox 857 1879 960 1922; x_wconf 86' lang='lat' dir='ltr'><strong>omnes</strong></span> <span class='ocrx_word' id='word_1_112' title='bbox 974 1862 1125 1924; x_wconf 88' lang='lat' dir='ltr'><strong>machinas</strong></span> <span class='ocrx_word' id='word_1_113' title='bbox 1140 1843 1296 1940; x_wconf 81' lang='lat' dir='ltr'><strong>allegorice</strong></span> <span class='ocrx_word' id='word_1_114' title='bbox 1311 1863 1407 1920; x_wconf 86' lang='lat' dir='ltr'><strong>iuter·</strong></span> <span class='ocrx_word' id='word_1_115' title='bbox 1471 1915 1472 1944; x_wconf 54' lang='lat'><em>³</em></span> 
     </span>
     <span class='ocr_line' id='line_1_17' title="bbox 283 1969 1472 2048; baseline 0.002 -20"><span class='ocrx_word' id='word_1_116' title='bbox 283 1969 427 2048; x_wconf 91' lang='lat' dir='ltr'><strong>pretando</strong></span> <span class='ocrx_word' id='word_1_117' title='bbox 449 1975 553 2048; x_wconf 89' lang='lat' dir='ltr'><strong>poetae</strong></span> <span class='ocrx_word' id='word_1_118' title='bbox 574 1970 665 2032; x_wconf 85' lang='lat' dir='ltr'><strong>narba</strong></span> <span class='ocrx_word' id='word_1_119' title='bbox 695 1972 732 2032; x_wconf 91' lang='lat' dir='ltr'><strong>ad</strong></span> <span class='ocrx_word' id='word_1_120' title='bbox 753 1972 921 2032; x_wconf 87' lang='lat' dir='ltr'><strong>eruditioris</strong></span> <span class='ocrx_word' id='word_1_121' title='bbox 945 1973 1045 2034; x_wconf 88' lang='lat' dir='ltr'><strong>aetatis</strong></span> <span class='ocrx_word' id='word_1_122' title='bbox 1062 1973 1215 2034; x_wconf 86' lang='lat' dir='ltr'><strong>scientiam</strong></span> <span class='ocrx_word' id='word_1_123' title='bbox 1235 1989 1407 2032; x_wconf 89' lang='lat' dir='ltr'><strong>accommo-</strong></span> <span class='ocrx_word' id='word_1_124' title='bbox 1471 1985 1472 2004; x_wconf 64' lang='lat'>¹</span> 
     </span>
     <span class='ocr_line' id='line_1_18' title="bbox 284 2075 508 2160; baseline 0.009 -22"><span class='ocrx_word' id='word_1_125' title='bbox 284 2075 411 2160; x_wconf 77' lang='lat' dir='ltr'><strong>dandi1).</strong></span> <span class='ocrx_word' id='word_1_126' title='bbox 461 2113 465 2120; x_wconf 78' lang='lat'><strong>·</strong></span> <span class='ocrx_word' id='word_1_127' title='bbox 505 2109 508 2114; x_wconf 92' lang='lat'><em>·</em></span> 
     </span>
    </p>

    <p class='ocr_par' dir='ltr' id='par_1_4' title="bbox 284 2183 1472 2823">
     <span class='ocr_line' id='line_1_19' title="bbox 369 2183 1472 2270; baseline 0.002 -20"><span class='ocrx_word' id='word_1_128' title='bbox 369 2189 452 2250; x_wconf 87' lang='lat' dir='ltr'><strong>Hanc</strong></span> <span class='ocrx_word' id='word_1_129' title='bbox 474 2191 634 2252; x_wconf 82' lang='lat' dir='ltr'><strong>Aristarchi</strong></span> <span class='ocrx_word' id='word_1_130' title='bbox 663 2191 792 2256; x_wconf 87' lang='lat' dir='ltr'><strong>sobriam</strong></span> <span class='ocrx_word' id='word_1_131' title='bbox 814 2194 959 2254; x_wconf 89' lang='lat' dir='ltr'><strong>rationem</strong></span> <span class='ocrx_word' id='word_1_132' title='bbox 979 2192 1064 2254; x_wconf 84' lang='lat' dir='ltr'><strong>tlocci</strong></span> <span class='ocrx_word' id='word_1_133' title='bbox 1082 2183 1155 2252; x_wconf 71' lang='lat' dir='ltr'><strong>&#39;lecit</strong></span> <span class='ocrx_word' id='word_1_134' title='bbox 1177 2191 1278 2254; x_wconf 81' lang='lat' dir='ltr'><strong>Crates</strong></span> <span class='ocrx_word' id='word_1_135' title='bbox 1296 2198 1329 2252; x_wconf 91' lang='lat' dir='ltr'><strong>ut</strong></span> <span class='ocrx_word' id='word_1_136' title='bbox 1352 2194 1408 2270; x_wconf 90' lang='lat' dir='ltr'><strong>qni</strong></span> <span class='ocrx_word' id='word_1_137' title='bbox 1471 2215 1472 2234; x_wconf 45' lang='grc' dir='ltr'><em>ι</em></span> 
     </span>
     <span class='ocr_line' id='line_1_20' title="bbox 285 2299 1407 2381; baseline 0.002 -21"><span class='ocrx_word' id='word_1_138' title='bbox 285 2301 410 2360; x_wconf 77' lang='lat' dir='ltr'><strong>maxine</strong></span> <span class='ocrx_word' id='word_1_139' title='bbox 429 2299 531 2360; x_wconf 85' lang='lat' dir='ltr'><strong>abiens</strong></span> <span class='ocrx_word' id='word_1_140' title='bbox 563 2302 593 2360; x_wconf 90' lang='lat' dir='ltr'><strong>in</strong></span> <span class='ocrx_word' id='word_1_141' title='bbox 621 2303 799 2362; x_wconf 91' lang='lat' dir='ltr'><strong>contrariam</strong></span> <span class='ocrx_word' id='word_1_142' title='bbox 832 2309 946 2381; x_wconf 89' lang='lat' dir='ltr'><strong>partem</strong></span> <span class='ocrx_word' id='word_1_143' title='bbox 980 2311 1009 2363; x_wconf 91' lang='lat' dir='ltr'><strong>et</strong></span> <span class='ocrx_word' id='word_1_144' title='bbox 1034 2302 1191 2364; x_wconf 86' lang='lat' dir='ltr'><strong>obsecutus</strong></span> <span class='ocrx_word' id='word_1_145' title='bbox 1221 2304 1320 2362; x_wconf 84' lang='lat' dir='ltr'><strong>stoicis</strong></span> <span class='ocrx_word' id='word_1_146' title='bbox 1352 2305 1407 2380; x_wconf 90' lang='lat' dir='ltr'><strong>qui</strong></span> 
     </span>
     <span class='ocr_line' id='line_1_21' title="bbox 284 2393 1406 2491; baseline 0.002 -21"><span class='ocrx_word' id='word_1_147' title='bbox 284 2409 370 2488; x_wconf 78' lang='lat' dir='ltr'><strong>plene</strong></span> <span class='ocrx_word' id='word_1_148' title='bbox 402 2393 480 2470; x_wconf 88' lang='lat' dir='ltr'><strong>aliud</strong></span> <span class='ocrx_word' id='word_1_149' title='bbox 507 2410 540 2470; x_wconf 89' lang='lat' dir='ltr'><strong>in</strong></span> <span class='ocrx_word' id='word_1_150' title='bbox 564 2411 792 2489; x_wconf 85' lang='lat' dir='ltr'><strong>interpretandis</strong></span> <span class='ocrx_word' id='word_1_151' title='bbox 816 2415 918 2491; x_wconf 87' lang='lat' dir='ltr'><strong>poetis</strong></span> <span class='ocrx_word' id='word_1_152' title='bbox 941 2415 1089 2491; x_wconf 80' lang='lat' dir='ltr'><strong>persecuti</strong></span> <span class='ocrx_word' id='word_1_153' title='bbox 1119 2412 1273 2474; x_wconf 89' lang='lat' dir='ltr'><strong>consilinm</strong></span> <span class='ocrx_word' id='word_1_154' title='bbox 1302 2431 1406 2490; x_wconf 84' lang='lat' dir='ltr'><strong>gram-</strong></span> 
     </span>
     <span class='ocr_line' id='line_1_22' title="bbox 285 2518 1405 2603; baseline 0.001 -23"><span class='ocrx_word' id='word_1_155' title='bbox 285 2521 405 2580; x_wconf 87' lang='lat' dir='ltr'><strong>maticas</strong></span> <span class='ocrx_word' id='word_1_156' title='bbox 434 2518 498 2582; x_wconf 89' lang='lat' dir='ltr'><strong>illas</strong></span> <span class='ocrx_word' id='word_1_157' title='bbox 520 2539 613 2599; x_wconf 83' lang='lat' dir='ltr'><strong>nugas</strong></span> <span class='ocrx_word' id='word_1_158' title='bbox 641 2524 789 2601; x_wconf 87' lang='lat' dir='ltr'><strong>aspernati</strong></span> <span class='ocrx_word' id='word_1_159' title='bbox 817 2522 1091 2602; x_wconf 86' lang='lat' dir='ltr'><strong>licentiam-poetae</strong></span> <span class='ocrx_word' id='word_1_160' title='bbox 1112 2524 1311 2603; x_wconf 86' lang='lat' dir='ltr'><strong>permiserunt</strong></span> <span class='ocrx_word' id='word_1_161' title='bbox 1337 2523 1405 2582; x_wconf 89' lang='lat' dir='ltr'><strong>lere</strong></span> 
     </span>
     <span class='ocr_line' id='line_1_23' title="bbox 286 2611 1407 2709; baseline 0.002 -19"><span class='ocrx_word' id='word_1_162' title='bbox 286 2626 484 2709; x_wconf 76' lang='lat' dir='ltr'><strong>quamlibet2).</strong></span> <span class='ocrx_word' id='word_1_163' title='bbox 530 2632 566 2692; x_wconf 82' lang='lat' dir='ltr'><strong>Et</strong></span> <span class='ocrx_word' id='word_1_164' title='bbox 587 2633 723 2696; x_wconf 72' lang='lat' dir='ltr'><strong>henoch</strong></span> <span class='ocrx_word' id='word_1_165' title='bbox 748 2652 881 2694; x_wconf 69' lang='lat' dir='ltr'><strong>‹tacrssam</strong></span> <span class='ocrx_word' id='word_1_166' title='bbox 903 2634 1106 2696; x_wconf 89' lang='lat' dir='ltr'><strong>Aristarcheos</strong></span> <span class='ocrx_word' id='word_1_167' title='bbox 1128 2635 1218 2694; x_wconf 85' lang='lat' dir='ltr'><strong>irrisit</strong></span> <span class='ocrx_word' id='word_1_168' title='bbox 1236 2611 1407 2694; x_wconf 82' lang='lat' dir='ltr'><strong>Herodicns</strong></span> 
     </span>
     <span class='ocr_line' id='line_1_24' title="bbox 285 2741 1406 2823; baseline 0.002 -22"><span class='ocrx_word' id='word_1_169' title='bbox 285 2741 409 2804; x_wconf 85' lang='lat' dir='ltr'><strong>Cratetis</strong></span> <span class='ocrx_word' id='word_1_170' title='bbox 421 2741 536 2802; x_wconf 86' lang='lat' dir='ltr'><strong>satelles</strong></span> <span class='ocrx_word' id='word_1_171' title='bbox 551 2745 772 2806; x_wconf 87' lang='lat' dir='ltr'><strong>mordacissimo</strong></span> <span class='ocrx_word' id='word_1_172' title='bbox 784 2745 993 2822; x_wconf 85' lang='lat' dir='ltr'><strong>epigrammate</strong></span> <span class='ocrx_word' id='word_1_173' title='bbox 1006 2743 1199 2823; x_wconf 85' lang='lat' dir='ltr'><strong>apud&#39;Atben.</strong></span> <span class='ocrx_word' id='word_1_174' title='bbox 1212 2743 1244 2813; x_wconf 91' lang='lat' dir='ltr'><strong>V,</strong></span> <span class='ocrx_word' id='word_1_175' title='bbox 1256 2763 1285 2823; x_wconf 95' lang='lat' dir='ltr'><strong>p.</strong></span> <span class='ocrx_word' id='word_1_176' title='bbox 1297 2742 1406 2804; x_wconf 71' lang='lat' dir='ltr'><strong>aare:</strong></span> 
     </span>
    </p>
   </div>
   <div class='ocr_carea' id='block_1_4' title="bbox 283 2911 519 2922">
    <p class='ocr_par' dir='ltr' id='par_1_5' title="bbox 283 2911 519 2922">
     <span class='ocr_line' id='line_1_25' title="bbox 283 2911 519 2922; baseline 0 -3"><span class='ocrx_word' id='word_1_177' title='bbox 283 2911 519 2922; x_wconf 71' lang='lat'><strong>-—-—·———-—---</strong></span> 
     </span>
    </p>
   </div>
   <div class='ocr_carea' id='block_1_5' title="bbox 370 3005 1405 3081">
    <p class='ocr_par' dir='ltr' id='par_1_6' title="bbox 370 3005 1405 3081">
     <span class='ocr_line' id='line_1_26' title="bbox 370 3005 1405 3081; baseline 0.003 -18"><span class='ocrx_word' id='word_1_178' title='bbox 370 3014 395 3079; x_wconf 85' lang='grc'><strong>1)</strong></span> <span class='ocrx_word' id='word_1_179' title='bbox 418 3005 594 3064; x_wconf 79' lang='lat' dir='ltr'><strong>Aristarchus</strong></span> <span class='ocrx_word' id='word_1_180' title='bbox 616 3012 786 3079; x_wconf 86' lang='lat' dir='ltr'><strong>potissimum</strong></span> <span class='ocrx_word' id='word_1_181' title='bbox 812 3015 896 3081; x_wconf 86' lang='lat' dir='ltr'><strong>longe</strong></span> <span class='ocrx_word' id='word_1_182' title='bbox 921 3016 1026 3065; x_wconf 86' lang='lat' dir='ltr'><strong>obiecit</strong></span> <span class='ocrx_word' id='word_1_183' title='bbox 1048 3019 1134 3065; x_wconf 82' lang='lat' dir='ltr'><strong>totam</strong></span> <span class='ocrx_word' id='word_1_184' title='bbox 1159 3017 1241 3064; x_wconf 87' lang='lat' dir='ltr'><strong>istam</strong></span> <span class='ocrx_word' id='word_1_185' title='bbox 1264 3017 1405 3080; x_wconf 86' lang='lat' dir='ltr'><strong>nnginen-</strong></span> 
     </span>
    </p>
   </div>
   <div class='ocr_carea' id='block_1_6' title="bbox 178 3098 1405 3172">
    <p class='ocr_par' dir='ltr' id='par_1_7' title="bbox 178 3098 1405 3172">
     <span class='ocr_line' id='line_1_27' title="bbox 178 3098 1405 3172; baseline 0.002 -25"><span class='ocrx_word' id='word_1_186' title='bbox 178 3160 183 3172; x_wconf 37' lang='grc' dir='ltr'><strong><em>ι</em></strong></span> <span class='ocrx_word' id='word_1_187' title='bbox 285 3098 347 3148; x_wconf 83' lang='lat' dir='ltr'><strong>dam</strong></span> <span class='ocrx_word' id='word_1_188' title='bbox 366 3100 500 3150; x_wconf 84' lang='lat' dir='ltr'><strong>rationem</strong></span> <span class='ocrx_word' id='word_1_189' title='bbox 519 3100 555 3148; x_wconf 85' lang='lat' dir='ltr'><strong>el.</strong></span> <span class='ocrx_word' id='word_1_190' title='bbox 575 3099 661 3148; x_wconf 86' lang='lat' dir='ltr'><strong>schol.</strong></span> <span class='ocrx_word' id='word_1_191' title='bbox 681 3098 706 3148; x_wconf 88' lang='grc' dir='ltr'><strong>Ε</strong></span> <span class='ocrx_word' id='word_1_192' title='bbox 725 3098 788 3162; x_wconf 84' lang='grc'>385,</span> <span class='ocrx_word' id='word_1_193' title='bbox 813 3100 939 3150; x_wconf 85' lang='lat' dir='ltr'><strong>Eustath.</strong></span> <span class='ocrx_word' id='word_1_194' title='bbox 959 3101 987 3148; x_wconf 92' lang='lat' dir='ltr'><strong>in</strong></span> <span class='ocrx_word' id='word_1_195' title='bbox 1005 3100 1084 3150; x_wconf 83' lang='lat' dir='ltr'><strong>Iliad.</strong></span> <span class='ocrx_word' id='word_1_196' title='bbox 1103 3115 1130 3166; x_wconf 89' lang='lat' dir='ltr'><strong>p.</strong></span> <span class='ocrx_word' id='word_1_197' title='bbox 1149 3099 1173 3162; x_wconf 83' lang='lat'><strong>3,</strong></span> <span class='ocrx_word' id='word_1_198' title='bbox 1192 3098 1235 3163; x_wconf 79' lang='lat'><strong>40,</strong></span> <span class='ocrx_word' id='word_1_199' title='bbox 1253 3099 1317 3161; x_wconf 59' lang='lat' dir='ltr'><strong>olm</strong></span> <span class='ocrx_word' id='word_1_200' title='bbox 1339 3115 1405 3150; x_wconf 83' lang='lat' dir='ltr'><strong>tna-</strong></span> 
     </span>
    </p>
   </div>
   <div class='ocr_carea' id='block_1_7' title="bbox 283 3184 1473 4366">
    <p class='ocr_par' dir='ltr' id='par_1_8' title="bbox 283 3184 1473 4092">
     <span class='ocr_line' id='line_1_28' title="bbox 284 3184 1405 3252; baseline 0.001 -20"><span class='ocrx_word' id='word_1_201' title='bbox 284 3184 355 3232; x_wconf 77' lang='lat' dir='ltr'><strong>uime</strong></span> <span class='ocrx_word' id='word_1_202' title='bbox 373 3185 459 3250; x_wconf 80' lang='lat' dir='ltr'><strong>igitur</strong></span> <span class='ocrx_word' id='word_1_203' title='bbox 476 3185 627 3234; x_wconf 82' lang='lat' dir='ltr'><strong>demiratus</strong></span> <span class='ocrx_word' id='word_1_204' title='bbox 645 3199 704 3232; x_wconf 87' lang='lat' dir='ltr'><strong>sum</strong></span> <span class='ocrx_word' id='word_1_205' title='bbox 723 3184 794 3247; x_wconf 87' lang='lat' dir='ltr'><strong>quod</strong></span> <span class='ocrx_word' id='word_1_206' title='bbox 811 3184 869 3235; x_wconf 86' lang='lat' dir='ltr'><strong>uidi</strong></span> <span class='ocrx_word' id='word_1_207' title='bbox 892 3186 1050 3239; x_wconf 84' lang='lat' dir='ltr'><strong>Krischium</strong></span> <span class='ocrx_word' id='word_1_208' title='bbox 1068 3184 1236 3252; x_wconf 83' lang='lat' dir='ltr'><strong>theologum.</strong></span> <span class='ocrx_word' id='word_1_209' title='bbox 1256 3185 1282 3248; x_wconf 91' lang='lat'><strong>1,</strong></span> <span class='ocrx_word' id='word_1_210' title='bbox 1303 3202 1330 3250; x_wconf 93' lang='lat' dir='ltr'><strong>p.</strong></span> <span class='ocrx_word' id='word_1_211' title='bbox 1349 3185 1405 3236; x_wconf 73' lang='lat'><strong>39⁴</strong></span> 
     </span>
     <span class='ocr_line' id='line_1_29' title="bbox 285 3269 1404 3333; baseline 0.004 -17"><span class='ocrx_word' id='word_1_212' title='bbox 285 3269 477 3333; x_wconf 86' lang='lat' dir='ltr'><strong>circumspecti</strong></span> <span class='ocrx_word' id='word_1_213' title='bbox 501 3269 662 3332; x_wconf 86' lang='lat' dir='ltr'><strong>ceteroquin</strong></span> <span class='ocrx_word' id='word_1_214' title='bbox 686 3270 782 3318; x_wconf 91' lang='lat' dir='ltr'><strong>indicii</strong></span> <span class='ocrx_word' id='word_1_215' title='bbox 800 3269 887 3318; x_wconf 91' lang='lat' dir='ltr'><strong>uirum</strong></span> <span class='ocrx_word' id='word_1_216' title='bbox 906 3270 1073 3333; x_wconf 89' lang='lat' dir='ltr'><strong>loquentem:</strong></span> <span class='ocrx_word' id='word_1_217' title='bbox 1105 3269 1277 3333; x_wconf 69' lang='lat' dir='ltr'><strong>„Aristarc-h,</strong></span> <span class='ocrx_word' id='word_1_218' title='bbox 1303 3269 1353 3318; x_wconf 87' lang='lat' dir='ltr'><strong>dor</strong></span> <span class='ocrx_word' id='word_1_219' title='bbox 1374 3309 1404 3320; x_wconf 92' lang='lat'><strong>..</strong></span> 
     </span>
     <span class='ocr_line' id='line_1_30' title="bbox 284 3353 1405 3419; baseline 0.003 -19"><span class='ocrx_word' id='word_1_220' title='bbox 284 3369 334 3400; x_wconf 88' lang='lat' dir='ltr'><strong>nur</strong></span> <span class='ocrx_word' id='word_1_221' title='bbox 357 3353 385 3400; x_wconf 93' lang='lat' dir='ltr'><strong>in</strong></span> <span class='ocrx_word' id='word_1_222' title='bbox 409 3355 505 3402; x_wconf 89' lang='lat' dir='ltr'><strong>soweit</strong></span> <span class='ocrx_word' id='word_1_223' title='bbox 528 3353 573 3401; x_wconf 89' lang='lat' dir='ltr'><strong>die</strong></span> <span class='ocrx_word' id='word_1_224' title='bbox 597 3353 781 3418; x_wconf 84' lang='lat' dir='ltr'><strong>allegorische</strong></span> <span class='ocrx_word' id='word_1_225' title='bbox 804 3353 925 3419; x_wconf 86' lang='lat' dir='ltr'><strong>deutung</strong></span> <span class='ocrx_word' id='word_1_226' title='bbox 943 3355 1071 3404; x_wconf 87' lang='lat' dir='ltr'><strong>zulassen</strong></span> <span class='ocrx_word' id='word_1_227' title='bbox 1088 3355 1193 3418; x_wconf 88' lang='lat' dir='ltr'><strong>wollte,</strong></span> <span class='ocrx_word' id='word_1_228' title='bbox 1219 3355 1260 3403; x_wconf 80' lang='lat' dir='ltr'><strong>als</strong></span> <span class='ocrx_word' id='word_1_229' title='bbox 1279 3356 1320 3403; x_wconf 90' lang='lat' dir='ltr'><strong>sie</strong></span> <span class='ocrx_word' id='word_1_230' title='bbox 1339 3355 1405 3403; x_wconf 84' lang='lat' dir='ltr'><strong>sich</strong></span> 
     </span>
     <span class='ocr_line' id='line_1_31' title="bbox 286 3435 1473 3504; baseline 0.002 -20"><span class='ocrx_word' id='word_1_231' title='bbox 286 3436 485 3501; x_wconf 83' lang='lat' dir='ltr'><strong>etymologisch</strong></span> <span class='ocrx_word' id='word_1_232' title='bbox 507 3437 707 3502; x_wconf 82' lang='lat' dir='ltr'><strong>rechtfertigen</strong></span> <span class='ocrx_word' id='word_1_233' title='bbox 729 3435 817 3500; x_wconf 84' lang='lat' dir='ltr'><strong>lasse,</strong></span> <span class='ocrx_word' id='word_1_234' title='bbox 844 3438 881 3487; x_wconf 83' lang='lat' dir='ltr'><strong>cf.</strong></span> <span class='ocrx_word' id='word_1_235' title='bbox 903 3439 1031 3487; x_wconf 74' lang='lat' dir='ltr'><strong>Eustath.</strong></span> <span class='ocrx_word' id='word_1_236' title='bbox 1056 3439 1085 3487; x_wconf 90' lang='lat' dir='ltr'><strong>in</strong></span> <span class='ocrx_word' id='word_1_237' title='bbox 1108 3439 1140 3488; x_wconf 92' lang='lat' dir='ltr'><strong>ll.</strong></span> <span class='ocrx_word' id='word_1_238' title='bbox 1159 3456 1186 3504; x_wconf 87' lang='lat' dir='ltr'><strong>p.</strong></span> <span class='ocrx_word' id='word_1_239' title='bbox 1204 3437 1282 3487; x_wconf 49' lang='lat' dir='ltr'><strong>both</strong></span> <span class='ocrx_word' id='word_1_240' title='bbox 1320 3439 1404 3500; x_wconf 79' lang='lat' dir='ltr'><strong>Quae</strong></span> <span class='ocrx_word' id='word_1_241' title='bbox 1472 3453 1473 3502; x_wconf 59' lang='grc' dir='ltr'>ζ</span> 
     </span>
     <span class='ocr_line' id='line_1_32' title="bbox 285 3513 1473 3588; baseline 0.001 -18"><span class='ocrx_word' id='word_1_242' title='bbox 285 3521 378 3585; x_wconf 74' lang='lat' dir='ltr'><strong>qualia</strong></span> <span class='ocrx_word' id='word_1_243' title='bbox 403 3523 459 3570; x_wconf 88' lang='lat' dir='ltr'><strong>sint</strong></span> <span class='ocrx_word' id='word_1_244' title='bbox 486 3523 515 3572; x_wconf 89' lang='lat' dir='ltr'><strong>in</strong></span> <span class='ocrx_word' id='word_1_245' title='bbox 537 3521 594 3572; x_wconf 89' lang='lat' dir='ltr'><strong>illis</strong></span> <span class='ocrx_word' id='word_1_246' title='bbox 616 3523 781 3586; x_wconf 85' lang='lat' dir='ltr'><strong>temporibus</strong></span> <span class='ocrx_word' id='word_1_247' title='bbox 806 3523 903 3586; x_wconf 82' lang='lat' dir='ltr'><strong>quibus</strong></span> <span class='ocrx_word' id='word_1_248' title='bbox 927 3523 1095 3588; x_wconf 82' lang='lat' dir='ltr'><strong>etymologia</strong></span> <span class='ocrx_word' id='word_1_249' title='bbox 1117 3523 1184 3572; x_wconf 91' lang='lat' dir='ltr'><strong>nihil</strong></span> <span class='ocrx_word' id='word_1_250' title='bbox 1207 3539 1261 3572; x_wconf 90' lang='lat' dir='ltr'><strong>non</strong></span> <span class='ocrx_word' id='word_1_251' title='bbox 1278 3526 1406 3587; x_wconf 87' lang='lat' dir='ltr'><strong>potuerit</strong></span> <span class='ocrx_word' id='word_1_252' title='bbox 1472 3513 1473 3522; x_wconf 41' lang='lat'>¹</span> 
     </span>
     <span class='ocr_line' id='line_1_33' title="bbox 284 3605 1404 3672; baseline 0.002 -18"><span class='ocrx_word' id='word_1_253' title='bbox 284 3605 467 3656; x_wconf 84' lang='lat' dir='ltr'><strong>demonstrari</strong></span> <span class='ocrx_word' id='word_1_254' title='bbox 491 3606 594 3668; x_wconf 53' lang='lat' dir='ltr'><strong>eluce‚t;</strong></span> <span class='ocrx_word' id='word_1_255' title='bbox 629 3607 678 3656; x_wconf 87' lang='lat' dir='ltr'><strong>sed</strong></span> <span class='ocrx_word' id='word_1_256' title='bbox 705 3607 794 3672; x_wconf 83' lang='lat' dir='ltr'><strong>magis</strong></span> <span class='ocrx_word' id='word_1_257' title='bbox 818 3609 901 3656; x_wconf 87' lang='lat' dir='ltr'><strong>etiam</strong></span> <span class='ocrx_word' id='word_1_258' title='bbox 925 3608 1039 3658; x_wconf 84' lang='lat' dir='ltr'><strong>miratus</strong></span> <span class='ocrx_word' id='word_1_259' title='bbox 1063 3624 1121 3658; x_wconf 89' lang='lat' dir='ltr'><strong>snm</strong></span> <span class='ocrx_word' id='word_1_260' title='bbox 1146 3625 1206 3658; x_wconf 95' lang='lat' dir='ltr'><strong>cum</strong></span> <span class='ocrx_word' id='word_1_261' title='bbox 1233 3607 1404 3658; x_wconf 86' lang='lat' dir='ltr'><strong>euoluissem</strong></span> 
     </span>
     <span class='ocr_line' id='line_1_34' title="bbox 285 3691 1403 3758; baseline 0 -18"><span class='ocrx_word' id='word_1_262' title='bbox 285 3691 474 3752; x_wconf 84' lang='lat' dir='ltr'><strong>Eustathinm‚</strong></span> <span class='ocrx_word' id='word_1_263' title='bbox 495 3692 595 3755; x_wconf 88' lang='lat' dir='ltr'><strong>quippe</strong></span> <span class='ocrx_word' id='word_1_264' title='bbox 614 3693 642 3740; x_wconf 89' lang='lat' dir='ltr'><strong>in</strong></span> <span class='ocrx_word' id='word_1_265' title='bbox 661 3693 737 3741; x_wconf 87' lang='lat' dir='ltr'><strong>cuius</strong></span> <span class='ocrx_word' id='word_1_266' title='bbox 756 3691 849 3740; x_wconf 87' lang='lat' dir='ltr'><strong>uerbis</strong></span> <span class='ocrx_word' id='word_1_267' title='bbox 869 3691 926 3740; x_wconf 90' lang='lat' dir='ltr'><strong>eius</strong></span> <span class='ocrx_word' id='word_1_268' title='bbox 945 3693 1080 3758; x_wconf 89' lang='lat' dir='ltr'><strong>opinionis</strong></span> <span class='ocrx_word' id='word_1_269' title='bbox 1099 3708 1150 3741; x_wconf 90' lang='lat' dir='ltr'><strong>uec</strong></span> <span class='ocrx_word' id='word_1_270' title='bbox 1168 3692 1232 3741; x_wconf 84' lang='lat' dir='ltr'><strong>nola</strong></span> <span class='ocrx_word' id='word_1_271' title='bbox 1251 3708 1302 3741; x_wconf 88' lang='lat' dir='ltr'><strong>nec</strong></span> <span class='ocrx_word' id='word_1_272' title='bbox 1315 3694 1403 3742; x_wconf 88' lang='lat' dir='ltr'><strong>uesti-</strong></span> 
     </span>
     <span class='ocr_line' id='line_1_35' title="bbox 284 3765 1404 3842; baseline 0.004 -20"><span class='ocrx_word' id='word_1_273' title='bbox 284 3775 358 3839; x_wconf 84' lang='lat' dir='ltr'><strong>gium</strong></span> <span class='ocrx_word' id='word_1_274' title='bbox 377 3777 456 3824; x_wconf 89' lang='lat' dir='ltr'><strong>insit:</strong></span> <span class='ocrx_word' id='word_1_275' title='bbox 475 3765 493 3840; x_wconf 78' lang='grc' dir='ltr'><em>ἡ</em></span> <span class='ocrx_word' id='word_1_276' title='bbox 514 3769 546 3824; x_wconf 69' lang='grc' dir='ltr'><strong>δὲ</strong></span> <span class='ocrx_word' id='word_1_277' title='bbox 564 3765 734 3840; x_wconf 79' lang='grc' dir='ltr'><em>οἷλληγορία,</em></span> <span class='ocrx_word' id='word_1_278' title='bbox 754 3770 782 3825; x_wconf 83' lang='grc' dir='ltr'><strong>εἰ</strong></span> <span class='ocrx_word' id='word_1_279' title='bbox 798 3771 847 3826; x_wconf 83' lang='grc' dir='ltr'><strong>καὶ</strong></span> <span class='ocrx_word' id='word_1_280' title='bbox 865 3767 880 3824; x_wconf 93' lang='grc' dir='ltr'>ὁ</span> <span class='ocrx_word' id='word_1_281' title='bbox 898 3765 1072 3842; x_wconf 81' lang='grc' dir='ltr'><strong><em>Ἀρίσταρχος</em></strong></span> <span class='ocrx_word' id='word_1_282' title='bbox 1084 3766 1168 3841; x_wconf 80' lang='grc' dir='ltr'>ἠξίου</span> <span class='ocrx_word' id='word_1_283' title='bbox 1179 3767 1216 3834; x_wconf 76' lang='grc' dir='ltr'><strong>ὠς</strong></span> <span class='ocrx_word' id='word_1_284' title='bbox 1229 3769 1404 3842; x_wconf 69' lang='grc' dir='ltr'><em>προεγράφη</em></span> 
     </span>
     <span class='ocr_line' id='line_1_36' title="bbox 284 3849 1403 3932; baseline 0.003 -25"><span class='ocrx_word' id='word_1_285' title='bbox 284 3851 376 3924; x_wconf 78' lang='grc' dir='ltr'><em>μηδὲν</em></span> <span class='ocrx_word' id='word_1_286' title='bbox 394 3875 420 3908; x_wconf 81' lang='grc' dir='ltr'><em>τι</em></span> <span class='ocrx_word' id='word_1_287' title='bbox 438 3857 494 3909; x_wconf 77' lang='grc' dir='ltr'><strong>τῶν</strong></span> <span class='ocrx_word' id='word_1_288' title='bbox 512 3852 590 3924; x_wconf 75' lang='grc' dir='ltr'><em>παρὰ</em></span> <span class='ocrx_word' id='word_1_289' title='bbox 609 3859 644 3926; x_wconf 84' lang='grc' dir='ltr'><strong>τῇ</strong></span> <span class='ocrx_word' id='word_1_290' title='bbox 661 3857 774 3932; x_wconf 77' lang='grc' dir='ltr'><em>ποιησει</em></span> <span class='ocrx_word' id='word_1_291' title='bbox 793 3849 927 3925; x_wconf 72' lang='grc' dir='ltr'><em>μυθικῶν</em></span> <span class='ocrx_word' id='word_1_292' title='bbox 944 3853 1183 3926; x_wconf 74' lang='grc' dir='ltr'><em>περιεργάζεσθαι</em></span> <span class='ocrx_word' id='word_1_293' title='bbox 1202 3851 1403 3926; x_wconf 77' lang='grc' dir='ltr'><em>οἷλληγορικώς</em></span> 
     </span>
     <span class='ocr_line' id='line_1_37' title="bbox 285 3936 1404 4012; baseline 0.004 -20"><span class='ocrx_word' id='word_1_294' title='bbox 285 3936 338 4004; x_wconf 79' lang='grc' dir='ltr'><strong>ἔξω</strong></span> <span class='ocrx_word' id='word_1_295' title='bbox 350 3940 406 3993; x_wconf 75' lang='lat' dir='ltr'><strong>cciv</strong></span> <span class='ocrx_word' id='word_1_296' title='bbox 424 3937 624 4010; x_wconf 81' lang='grc' dir='ltr'><em>φραζομὲνων,</em></span> <span class='ocrx_word' id='word_1_297' title='bbox 643 3938 693 3996; x_wconf 85' lang='grc' dir='ltr'><strong>τὸν</strong></span> <span class='ocrx_word' id='word_1_298' title='bbox 711 3939 764 4011; x_wconf 75' lang='grc' dir='ltr'><strong>μὲν</strong></span> <span class='ocrx_word' id='word_1_299' title='bbox 777 3936 919 4009; x_wconf 76' lang='grc' dir='ltr'><em>Ἡρακλέα</em></span> <span class='ocrx_word' id='word_1_300' title='bbox 938 3939 979 4002; x_wconf 81' lang='grc' dir='ltr'><strong>εἰς</strong></span> <span class='ocrx_word' id='word_1_301' title='bbox 996 3937 1046 3994; x_wconf 84' lang='grc' dir='ltr'><strong>τὸν</strong></span> <span class='ocrx_word' id='word_1_302' title='bbox 1064 3939 1149 4012; x_wconf 77' lang='grc' dir='ltr'><em>λόγον</em></span> <span class='ocrx_word' id='word_1_303' title='bbox 1163 3937 1334 4012; x_wconf 73' lang='grc' dir='ltr'><em>ἐκλαμβάνει</em></span> <span class='ocrx_word' id='word_1_304' title='bbox 1349 3940 1404 3996; x_wconf 79' lang='lat' dir='ltr'><strong>dcci</strong></span> 
     </span>
     <span class='ocr_line' id='line_1_38' title="bbox 283 4017 888 4092; baseline 0.007 -16"><span class='ocrx_word' id='word_1_305' title='bbox 283 4019 315 4076; x_wconf 82' lang='grc' dir='ltr'><strong>τὸ</strong></span> <span class='ocrx_word' id='word_1_306' title='bbox 335 4017 456 4092; x_wconf 79' lang='grc' dir='ltr'><em>ἒπιήρον</em></span> <span class='ocrx_word' id='word_1_307' title='bbox 474 4018 564 4080; x_wconf 73' lang='grc' dir='ltr'><em>αὐτοῦ</em></span> <span class='ocrx_word' id='word_1_308' title='bbox 582 4022 681 4080; x_wconf 78' lang='grc' dir='ltr'><em>καὶτὸ</em></span> <span class='ocrx_word' id='word_1_309' title='bbox 700 4020 812 4086; x_wconf 63' lang='lat' dir='ltr'><strong>sciridas</strong></span> <span class='ocrx_word' id='word_1_310' title='bbox 831 4029 888 4080; x_wconf 82' lang='lat' dir='ltr'><strong>act.</strong></span> 
     </span>
    </p>

    <p class='ocr_par' dir='ltr' id='par_1_9' title="bbox 284 4101 1405 4366">
     <span class='ocr_line' id='line_1_39' title="bbox 368 4101 1405 4198; baseline 0.005 -21"><span class='ocrx_word' id='word_1_311' title='bbox 368 4101 395 4193; x_wconf 64' lang='lat' dir='ltr'><strong>2b</strong></span> <span class='ocrx_word' id='word_1_312' title='bbox 413 4129 496 4178; x_wconf 90' lang='lat' dir='ltr'><strong>Velut</strong></span> <span class='ocrx_word' id='word_1_313' title='bbox 514 4131 535 4180; x_wconf 85' lang='grc' dir='ltr'><em>Α</em></span> <span class='ocrx_word' id='word_1_314' title='bbox 556 4129 603 4180; x_wconf 74' lang='grc'><strong>129</strong></span> <span class='ocrx_word' id='word_1_315' title='bbox 622 4130 789 4196; x_wconf 86' lang='lat' dir='ltr'><strong>Chrysippus</strong></span> <span class='ocrx_word' id='word_1_316' title='bbox 808 4132 936 4196; x_wconf 84' lang='lat' dir='ltr'><strong>opinatus</strong></span> <span class='ocrx_word' id='word_1_317' title='bbox 960 4135 1003 4180; x_wconf 88' lang='lat' dir='ltr'><strong>est</strong></span> <span class='ocrx_word' id='word_1_318' title='bbox 1021 4132 1190 4193; x_wconf 80' lang='grc' dir='ltr'><em>σολοικίζειν</em></span> <span class='ocrx_word' id='word_1_319' title='bbox 1207 4123 1257 4182; x_wconf 81' lang='grc' dir='ltr'><strong>τὸν</strong></span> <span class='ocrx_word' id='word_1_320' title='bbox 1276 4125 1405 4198; x_wconf 79' lang='grc' dir='ltr'><em>ποιητὴν</em></span> 
     </span>
     <span class='ocr_line' id='line_1_40' title="bbox 284 4203 1403 4282; baseline 0.005 -21"><span class='ocrx_word' id='word_1_321' title='bbox 284 4205 349 4264; x_wconf 80' lang='grc' dir='ltr'><em>α’ντλ</em></span> <span class='ocrx_word' id='word_1_322' title='bbox 369 4203 468 4264; x_wconf 71' lang='grc' dir='ltr'><em>ἑνικοῦ</em></span> <span class='ocrx_word' id='word_1_323' title='bbox 485 4214 672 4281; x_wconf 72' lang='grc' dir='ltr'><em>πληθυντικῷ</em></span> <span class='ocrx_word' id='word_1_324' title='bbox 689 4207 869 4281; x_wconf 79' lang='grc' dir='ltr'><em>χρησάμενον</em></span> <span class='ocrx_word' id='word_1_325' title='bbox 888 4208 1006 4282; x_wconf 72' lang='grc' dir='ltr'><em>ῥήματι·</em></span> <span class='ocrx_word' id='word_1_326' title='bbox 1026 4209 1130 4282; x_wconf 75' lang='grc' dir='ltr'><em>τὸγὰρ</em></span> <span class='ocrx_word' id='word_1_327' title='bbox 1150 4215 1220 4281; x_wconf 75' lang='grc' dir='ltr'><em>δῷσι</em></span> <span class='ocrx_word' id='word_1_328' title='bbox 1234 4215 1284 4280; x_wconf 87' lang='lat' dir='ltr'><strong>(sio</strong></span> <span class='ocrx_word' id='word_1_329' title='bbox 1304 4218 1332 4266; x_wconf 92' lang='lat' dir='ltr'><strong>in</strong></span> <span class='ocrx_word' id='word_1_330' title='bbox 1352 4235 1403 4266; x_wconf 85' lang='lat' dir='ltr'><strong>co-</strong></span> 
     </span>
     <span class='ocr_line' id='line_1_41' title="bbox 284 4297 1405 4366; baseline 0.004 -21"><span class='ocrx_word' id='word_1_331' title='bbox 284 4297 346 4346; x_wconf 89' lang='lat' dir='ltr'><strong>dice</strong></span> <span class='ocrx_word' id='word_1_332' title='bbox 371 4299 394 4346; x_wconf 87' lang='grc' dir='ltr'><em>Α</em></span> <span class='ocrx_word' id='word_1_333' title='bbox 418 4304 489 4347; x_wconf 87' lang='lat' dir='ltr'><strong>teste</strong></span> <span class='ocrx_word' id='word_1_334' title='bbox 513 4300 675 4365; x_wconf 81' lang='lat' dir='ltr'><strong>Pluygersio</strong></span> <span class='ocrx_word' id='word_1_335' title='bbox 699 4301 732 4350; x_wconf 88' lang='lat' dir='ltr'><strong>de</strong></span> <span class='ocrx_word' id='word_1_336' title='bbox 756 4300 842 4352; x_wconf 84' lang='lat' dir='ltr'><strong>sclrnl.</strong></span> <span class='ocrx_word' id='word_1_337' title='bbox 865 4305 978 4352; x_wconf 84' lang='lat' dir='ltr'><strong>retract.</strong></span> <span class='ocrx_word' id='word_1_338' title='bbox 998 4301 1064 4350; x_wconf 85' lang='lat' dir='ltr'><strong>edit.</strong></span> <span class='ocrx_word' id='word_1_339' title='bbox 1084 4318 1109 4366; x_wconf 93' lang='lat' dir='ltr'><strong>p.</strong></span> <span class='ocrx_word' id='word_1_340' title='bbox 1131 4301 1405 4366; x_wconf 76' lang='grc' dir='ltr'><em>11)..πληθυντι-</em></span> 
     </span>
    </p>
   </div>
   <div class='ocr_carea' id='block_1_8' title="bbox 0 0 1480 5084">
    <p class='ocr_par' dir='ltr' id='par_1_10' title="bbox 0 0 1480 5084">
     <span class='ocr_line' id='line_1_42' title="bbox 0 0 1480 5084; baseline 0 1"><span class='ocrx_word' id='word_1_341' title='bbox 0 0 1480 5084; x_wconf 95' lang='lat' dir='ltr'><strong> </strong></span> 
     </span>
    </p>
   </div>
  </div>
 </body>
</html>
