2950 5084
558 259 642 324 '17

548 348 619 356 ,......-

62 439 249 527 μούντωολ)
271 435 440 525 Ἑλλήνων
468 453 556 524 atque
579 439 797 526 σολοικισμὸν
819 438 921 524 λόγον
943 437 1182 526 ἀκαταλλήλως

62 551 360 636 συντεταγμένονῖ)
382 556 487 635 (Laert.
511 557 593 633 lliog.
616 556 634 615 l.
656 557 700 636 sl.
1052 554 1055 565 ⁴

150 668 208 726 Sed
233 667 262 726 id
289 667 369 744 ‹parod
392 667 687 745 circumspiciendum
712 685 775 728 csse
794 665 868 726 'dixit
887 666 921 726 ll.
946 666 1079 726 Schmidt
1098 669 1180 727 stoic.

62 796 157 853 gram.
181 795 210 855 p.
232 777 281 846 75,
311 776 460 854 quomodo
490 795 578 855 quam
610 777 693 836 stoici
720 784 821 855 utpote
849 775 1015 856 philosophi
1043 779 1183 836 uniuerso

62 895 179 946 tantum
208 906 242 946 ac
270 885 361 946 ueluti
384 905 400 946 a
431 889 523 964 priori
551 887 836 965 mrcurnscripserlnt
857 893 950 946 artem
973 905 1038 946 eam
1058 887 1185 947 Cratetei

62 997 237 1058 illustrarint
256 995 396 1074 exemplis
412 1015 448 1058 cx
468 991 532 1076 ipsa
545 997 644 1086 lingua
660 998 850 1080 dsporomptia
871 995 898 1056 id
909 1013 1095 1075 quamquam
1114 1015 1184 1056 oon-

62 1109 121 1167 lido
147 1109 277 1186 potuisse
306 1109 330 1167 si
349 1107 491 1185 ampliora
513 1108 550 1168 de
569 1108 692 1169 Cratetis
716 1097 851 1167 ¹doctr'iua
874 1109 1039 1168 testimonia
1058 1114 1197 1167 aetatem.

62 1217 197 1278 tulissent
213 1215 378 1278 luculenter
397 1219 602 1288 demonstrari,
626 1227 657 1279 ut
679 1237 758 1278 nunc
776 1233 825 1279 res
843 1224 888 1278 est
909 1235 947 1278 ne
967 1217 1182 1295 tenulhus'qui·

62 1328 130 1388 dem
152 1328 334 1388 lineamentis
354 1328 422 1389 licet
443 1329 631 1390 adumbrare.
815 1317 816 1322 ἵ

148 1439 249 1518 Neque
278 1457 350 1500 uere
377 1457 425 1499 me
453 1440 549 1500 iudice
575 1447 608 1500 ut
629 1441 663 1500 id
683 1439 785 1518 paucis
815 1455 987 1516 percurram
1009 1435 1122 1500 Preller
1147 1438 1184 1498 de

62 1549 249 1626 lhaxiphane
270 1565 298 1627 p.
320 1547 356 1608 13
372 1567 416 1634 sq.
438 1551 584 1614 famosum
606 1550 664 1610 hoo
683 1551 723 1610 de
747 1550 879 1626 analogia
895 1549 1093 1625 Pergamenos
1108 1550 1186 1608 inter

62 1667 91 1719 et
110 1658 323 1719 Alexandrinos
343 1660 508 1731 discrimen
534 1661 575 1720 ad¹
593 1679 644 1720 cos
674 1660 774 1721 retulit
803 1661 853 1738 qui
875 1659 921 1719 his
948 1666 1084 1720 auctores
1111 1659 1183 1719 exti-

62 1772 152 1830 terint
172 1771 280 1830 stoicos
302 1777 330 1831 ct
346 1772 555 1852 peripateticos
574 1770 775 1849 philosophos,
821 1769 895 1830 Nam
917 1769 1183 1830 Alexandrinorum

59 1880 226 1957 analogiam
257 1887 357 1957 aperte
385 1899 453 1940 cum
482 1881 551 1942 dicit
575 1881 756 1959 'respondere
786 1882 892 1941 rationi
910 1881 937 1941 ei
958 1891 1014 1958 qua
1037 1877 1183 1958 peripate-

60 1993 112 2050 tici
128 1989 371 2052 consuetudinem
391 1991 508 2069 linguae
531 1991 644 2070 uolgari
662 2000 691 2052 et
713 1992 824 2052 lorensi
840 2009 896 2051 usu
910 1999 1021 2050 temere
1038 1990 1182 2050 fluctuan-

58 2109 120 2160 tem
148 2100 337 2180 limatumque
364 2101 447 2161 illurn
469 2121 503 2162 ac
523 2102 646 2181 politum
670 2097 872 2180 ἑλληνισμοῦ
893 2117 1063 2162 sermonem
1082 2101 1185 2160 conat-⁴

59 2213 162 2271 derint
183 2229 237 2271 suo
257 2229 289 2271 se
311 2213 373 2290 ipse
398 2210 495 2289 gladio
516 2212 628 2291 iugulat
650 2231 680 2292 p.
703 2211 737 2271 10
752 2219 821 2282 not.
845 2212 863 2272 λ
886 2211 941 2271 hac
962 2212 992 2271 in
1012 2229 1046 2271 rc
1066 2213 1182 2290 peripa-

59 2325 167 2382 teticos
203 2339 269 2381 cum
307 2323 407 2382 stoicis
442 2325 608 2383 consentire
648 2323 823 2383 concedens,
874 2321 986 2382 Deinde
1017 2339 1115 2401 neque
1147 2339 1181 2382 ex

59 2430 227 2492 hrtsmtehs
246 2432 372 2509 quodam
395 2434 491 2493 studio
511 2451 606 2512 neque
629 2433 697 2494 iude
719 2433 798 2511 quod
814 2434 843 2492 in
863 2431 1060 2493 Alexandrino
1080 2448 1182 2493 musco

59 2542 246 2620 peripatetici
264 2542 396 2604 nonnulli
415 2543 560 2622 degerunt
574 2544 679 2604 merito
694 2559 761 2602 cum
777 2542 908 2603 l‘rellero
924 2542 1043 2621 colligas
1058 2543 1182 2603 Alexan-

58 2653 165 2712 drinos
187 2654 216 2711 in
239 2651 391 2731 disciplina
414 2655 604 2732 grammatica
628 2653 802 2716 excolenda·
813 2654 1020 2732 peripateticos
1039 2653 1094 2714 sihi
1113 2673 1183 2732 pro-

58 2763 196 2841 posuisse
214 2757 384 2833 imitandos}
409 2773 525 2843 praeter
545 2764 617 2824 alios
636 2765 779 2826 nianirum
799 2763 990 2842 philosophos
1008 2764 1056 2824 ucl
1073 2766 1183 2824 stoicus

59 2874 216 2951 Sphaerus
242 2873 431 2953 Bosporanus
460 2875 500 2936 ibi
535 2875 713 2955 aliquamdiu
741 2881 876 2934 arersatus
904 2873 1117 2954 Cleanthesque
1146 2874 1182 2936 ah

57 2985 125 3063 ipso
147 2983 315 3046 Ptolemaeo
339 2985 468 3047 officiose
495 2985 564 3046 illuc
592 2993 623 3046 ut
646 2986 760 3046 ueniret
783 2985 923 3046 inuitatus
944 2991 990 3046 est
1012 2985 1058 3066 (l.
1082 2985 1180 3046 Laert.

59 3095 146 3171 lliog.
170 3094 227 3163 vu„
254 3093 322 3169 185,
340 3095 445 3156 Athen.
463 3097 535 3167 Vlll‚
565 3115 593 3173 p.
615 3097 724 3177 aare).
770 3095 878 3156 Contra
901 3097 1091 3174 exipsorum
1113 3098 1183 3158 stoi·
1232 3145 1247 3166 ,.

59 3223 168 3264 corum
191 3207 389 3280 grammaticis
406 3205 523 3284 placitis
537 3207 615 3266 haud
631 3223 724 3284 pauca
740 3205 805 3267 illos
820 3205 1005 3266 hausissene
1025 3207 1050 3266 is
1065 3207 1182 3285 quidem

59 3315 170 3376 infitias
203 3317 245 3375 ire
273 3313 370 3394 potest
390 3318 440 3396 qui
470 3319 609 3378 extremis
637 3323 752 3380 tautum
781 3306 879 3394 digitis
905 3315 1033 3396 Dionysii
1065 3313 1183 3396 τέχνην

58 3427 192 3502 attigerit
211 3426 248 3486 cl.
271 3425 308 3486 hl.
330 3427 463 3488 Schmidt
484 3430 515 3490 io
536 3427 675 3506 philolog.
699 3427 772 3497 Vlll,
796 3446 824 3505 p.
849 3428 910 3486 515
926 3445 969 3504 sq.

149 3535 224 3595 Toto
245 3555 317 3597 uero
340 3537 422 3598 coelo
445 3539 671 3616 discrepuerunt
687 3537 876 3598 Alexandrini
891 3556 907 3596 a
923 3538 1022 3596 stoicis
1044 3556 1078 3596 ea
1094 3538 1122 3596 iu
1139 3557 1181 3604 re,

58 3648 90 3706 iu
115 3665 173 3725 qua
194 3663 318 3726 prorsus
338 3667 441 3708 eorum
464 3650 592 3726 uestigiis
615 3649 716 3709 institit
736 3645 835 3707 Crates
857 3645 1003 3714 hlallotes,
1037 3648 1070 3704 iu
1097 3664 1182 3724 pcr-

59 3757 260 3818 tractando
282 3757 439 3820 Homero
458 3761 674 3838 ceterisque
697 3755 961 3835 scriptoribus.

153 3909 177 3972 l)
198 3909 243 3960 Sic
263 3912 383 3960 correxit
399 3927 448 3976 pro
467 3901 717 3977 εὐδαιμονούντων
727 3895 831 3960 'Cobet

151 3993 179 4058 ’2)
202 3996 261 4044 Nec
285 3996 383 4046 desunt
406 3997 539 4046 nonnulla
558 4011 651 4046 eorum
670 3995 819 4045 studiorum
836 3995 973 4058 uestigia,
1004 3993 1041 4042 cl.
1061 3991 1182 4042 Cramer.

60 4096 107 4130 an.
130 4080 217 4130 Paris.
237 4080 303 4143 llll,
322 4098 348 4145 p.
370 4079 426 4143 190,
446 4083 569 4130 Zonaras
586 4096 613 4130 u.
633 4077 810 4142 σολοικίζειν,
830 4079 958 4127 Eustath.
978 4079 1006 4126 in
1019 4075 1051 4126 ll.
1065 4093 1093 4144 p,
1108 4076 1180 4140 1334,

64 4165 104 4226 ta,
126 4164 286 4214 dissertatio
305 4161 371 4227 περὶ
388 4163 588 4230 βαρβαρισμοῦ
605 4157 679 4216 κατὰ
698 4156 805 4220 πλάτος
824 4161 859 4211 ab
871 4161 1059 4229 Valckenario
1073 4160 1107 4210 acl
1120 4163 1182 4210 Am-

60 4250 184 4299 ruonium
207 4265 233 4314 p.
261 4247 392 4299 tat-197
416 4250 525 4298 adnexa
548 4254 575 4298 et
597 4245 663 4314 περὶ
685 4244 867 4312 σολοικισμοῦ
889 4237 962 4295 κατὰ
986 4236 1093 4303 πλάτος
1116 4245 1181 4295 ibid.

60 4353 88 4400 p.
112 4333 256 4397 tur-204,
276 4334 311 4384 cf.
332 4335 363 4384 R.
383 4333 507 4384 Schmidt
524 4334 604 4384 stole.
624 4349 736 4399 gramm.
756 4349 780 4397 p.
800 4329 833 4380 50
851 4334 907 4380 not.
926 4329 968 4380 72.

961 4425 979 4476 2
