<?xml version="1.0" encoding="UTF-8"?>
<!DOCTYPE html PUBLIC "-//W3C//DTD XHTML 1.0 Transitional//EN"
    "http://www.w3.org/TR/xhtml1/DTD/xhtml1-transitional.dtd">
<html xmlns="http://www.w3.org/1999/xhtml" xml:lang="en" lang="en">
 <head>
  <title>
</title>
<meta http-equiv="Content-Type" content="text/html;charset=utf-8" />
  <meta name='ocr-system' content='tesseract 3.04.00' />
  <meta name='ocr-capabilities' content='ocr_page ocr_carea ocr_par ocr_line ocrx_word'/>
</head>
<body>
  <div class='ocr_page' id='page_1' title='image "./decratetemallot00wachgoog_0017.png"; bbox 0 0 2950 5084; ppageno 0'>
   <div class='ocr_carea' id='block_1_1' title="bbox 795 227 813 290">
    <p class='ocr_par' dir='ltr' id='par_1_1' title="bbox 795 227 813 290">
     <span class='ocr_line' id='line_1_1' title="bbox 795 227 813 290; baseline 0 0"><span class='ocrx_word' id='word_1_1' title='bbox 795 227 813 290; x_wconf 90' lang='lat'>8</span> 
     </span>
    </p>
   </div>
   <div class='ocr_carea' id='block_1_2' title="bbox 728 309 877 318">
    <p class='ocr_par' dir='ltr' id='par_1_2' title="bbox 728 309 877 318">
     <span class='ocr_line' id='line_1_2' title="bbox 728 309 877 318; baseline -0.013 0"><span class='ocrx_word' id='word_1_2' title='bbox 728 309 877 318; x_wconf 77' lang='lat'>...—</span> 
     </span>
    </p>
   </div>
   <div class='ocr_carea' id='block_1_3' title="bbox 247 385 1472 709">
    <p class='ocr_par' dir='ltr' id='par_1_3' title="bbox 247 385 1472 709">
     <span class='ocr_line' id='line_1_3' title="bbox 247 385 1472 510; baseline -0.006 -36"><span class='ocrx_word' id='word_1_3' title='bbox 247 385 421 475; x_wconf 45' lang='lat' dir='ltr'><strong>trius&#39;lxion</strong></span> <span class='ocrx_word' id='word_1_4' title='bbox 442 411 594 487; x_wconf 74' lang='lat' dir='ltr'><strong>transfuga</strong></span> <span class='ocrx_word' id='word_1_5' title='bbox 617 404 701 490; x_wconf 83' lang='grc' dir='ltr'><em>πρὸς</em></span> <span class='ocrx_word' id='word_1_6' title='bbox 722 403 780 481; x_wconf 84' lang='grc' dir='ltr'><strong>τάς</strong></span> <span class='ocrx_word' id='word_1_7' title='bbox 803 406 971 490; x_wconf 76' lang='grc' dir='ltr'><strong><em>ἐξηγήσεις</em></strong></span> <span class='ocrx_word' id='word_1_8' title='bbox 992 416 1021 470; x_wconf 89' lang='lat' dir='ltr'><strong>et</strong></span> <span class='ocrx_word' id='word_1_9' title='bbox 1040 403 1123 490; x_wconf 82' lang='grc' dir='ltr'><em>πρὸς</em></span> <span class='ocrx_word' id='word_1_10' title='bbox 1144 402 1221 480; x_wconf 88' lang='grc' dir='ltr'><strong>τούς</strong></span> <span class='ocrx_word' id='word_1_11' title='bbox 1240 402 1370 488; x_wconf 77' lang='grc' dir='ltr'><em>ῆθετη-</em></span> <span class='ocrx_word' id='word_1_12' title='bbox 1471 495 1472 510; x_wconf 19' lang='lat'>¹</span> 
     </span>
     <span class='ocr_line' id='line_1_4' title="bbox 247 519 1371 604; baseline -0.004 -20"><span class='ocrx_word' id='word_1_13' title='bbox 247 519 380 604; x_wconf 79' lang='grc' dir='ltr'><em>μένους,</em></span> <span class='ocrx_word' id='word_1_14' title='bbox 403 522 448 601; x_wconf 81' lang='lat' dir='ltr'><strong>(cl.</strong></span> <span class='ocrx_word' id='word_1_15' title='bbox 469 521 600 583; x_wconf 87' lang='lat' dir='ltr'><strong>Beccard</strong></span> <span class='ocrx_word' id='word_1_16' title='bbox 621 521 658 582; x_wconf 82' lang='lat' dir='ltr'><strong>de</strong></span> <span class='ocrx_word' id='word_1_17' title='bbox 679 519 797 582; x_wconf 76' lang='lat' dir='ltr'><strong>scholiis</strong></span> <span class='ocrx_word' id='word_1_18' title='bbox 818 521 937 582; x_wconf 82' lang='lat' dir='ltr'><strong>Homer.</strong></span> <span class='ocrx_word' id='word_1_19' title='bbox 957 522 1056 580; x_wconf 88' lang='lat' dir='ltr'><strong>Venet.</strong></span> <span class='ocrx_word' id='word_1_20' title='bbox 1077 539 1105 597; x_wconf 90' lang='lat' dir='ltr'><strong>p.</strong></span> <span class='ocrx_word' id='word_1_21' title='bbox 1130 519 1196 598; x_wconf 82' lang='grc'><strong>66),</strong></span> <span class='ocrx_word' id='word_1_22' title='bbox 1218 519 1371 596; x_wconf 89' lang='lat' dir='ltr'><strong>sugillauit</strong></span> 
     </span>
     <span class='ocr_line' id='line_1_5' title="bbox 247 629 1368 709; baseline -0.004 -14"><span class='ocrx_word' id='word_1_23' title='bbox 247 633 450 695; x_wconf 80' lang='lat' dir='ltr'><strong>Aristarcheos</strong></span> <span class='ocrx_word' id='word_1_24' title='bbox 466 631 629 692; x_wconf 89' lang='lat' dir='ltr'><strong>llerodioos</strong></span> <span class='ocrx_word' id='word_1_25' title='bbox 646 629 824 709; x_wconf 70' lang='lat' dir='ltr'><strong>Babylonius</strong></span> <span class='ocrx_word' id='word_1_26' title='bbox 845 631 1034 694; x_wconf 84' lang='lat' dir='ltr'><strong>acerbissimo</strong></span> <span class='ocrx_word' id='word_1_27' title='bbox 1056 631 1266 708; x_wconf 74' lang='lat' dir='ltr'><strong>epigrammate</strong></span> <span class='ocrx_word' id='word_1_28' title='bbox 1288 631 1368 708; x_wconf 88' lang='lat' dir='ltr'><strong>apud</strong></span> 
     </span>
    </p>
   </div>
   <div class='ocr_carea' id='block_1_4' title="bbox 248 739 1472 934">
    <p class='ocr_par' dir='ltr' id='par_1_4' title="bbox 248 739 1472 934">
     <span class='ocr_line' id='line_1_6' title="bbox 248 739 613 820; baseline -0.005 -16"><span class='ocrx_word' id='word_1_29' title='bbox 248 744 352 804; x_wconf 81' lang='lat' dir='ltr'><strong>Athen.</strong></span> <span class='ocrx_word' id='word_1_30' title='bbox 376 743 409 810; x_wconf 92' lang='lat' dir='ltr'><strong>V,</strong></span> <span class='ocrx_word' id='word_1_31' title='bbox 432 760 460 820; x_wconf 89' lang='lat' dir='ltr'><strong>p.</strong></span> <span class='ocrx_word' id='word_1_32' title='bbox 484 739 613 820; x_wconf 53' lang='lat' dir='ltr'><strong>natast)</strong></span> 
     </span>
     <span class='ocr_line' id='line_1_7' title="bbox 262 851 1472 934; baseline -0.001 -22"><span class='ocrx_word' id='word_1_33' title='bbox 262 881 275 912; x_wconf 85' lang='lat'><strong>·.</strong></span> <span class='ocrx_word' id='word_1_34' title='bbox 332 853 426 934; x_wconf 90' lang='lat' dir='ltr'><strong>Huius</strong></span> <span class='ocrx_word' id='word_1_35' title='bbox 454 853 543 928; x_wconf 89' lang='lat' dir='ltr'><strong>igitur</strong></span> <span class='ocrx_word' id='word_1_36' title='bbox 572 853 740 912; x_wconf 77' lang='lat' dir='ltr'><strong>certaminis</strong></span> <span class='ocrx_word' id='word_1_37' title='bbox 769 869 844 929; x_wconf 88' lang='lat' dir='ltr'><strong>quae</strong></span> <span class='ocrx_word' id='word_1_38' title='bbox 865 852 983 912; x_wconf 89' lang='lat' dir='ltr'><strong>tandem</strong></span> <span class='ocrx_word' id='word_1_39' title='bbox 1006 851 1094 912; x_wconf 85' lang='lat' dir='ltr'><strong>luerit</strong></span> <span class='ocrx_word' id='word_1_40' title='bbox 1112 851 1196 928; x_wconf 84' lang='lat' dir='ltr'><strong>origo</strong></span> <span class='ocrx_word' id='word_1_41' title='bbox 1218 858 1247 912; x_wconf 92' lang='lat' dir='ltr'><strong>et</strong></span> <span class='ocrx_word' id='word_1_42' title='bbox 1267 859 1370 912; x_wconf 62' lang='lat' dir='ltr'><strong>aucto*</strong></span> <span class='ocrx_word' id='word_1_43' title='bbox 1471 897 1472 904; x_wconf 39' lang='grc' dir='ltr'><em>ι</em></span> 
     </span>
    </p>
   </div>
   <div class='ocr_carea' id='block_1_5' title="bbox 250 951 1472 1042">
    <p class='ocr_par' dir='ltr' id='par_1_5' title="bbox 250 951 1472 1042">
     <span class='ocr_line' id='line_1_8' title="bbox 250 951 1472 1042; baseline 0 -20"><span class='ocrx_word' id='word_1_44' title='bbox 250 966 330 1033; x_wconf 85' lang='lat' dir='ltr'><strong>ritae,</strong></span> <span class='ocrx_word' id='word_1_45' title='bbox 351 964 517 1037; x_wconf 84' lang='lat' dir='ltr'><strong>accuratius</strong></span> <span class='ocrx_word' id='word_1_46' title='bbox 538 961 752 1038; x_wconf 83' lang='lat' dir='ltr'><strong>perlustratum</strong></span> <span class='ocrx_word' id='word_1_47' title='bbox 775 963 846 1022; x_wconf 91' lang='lat' dir='ltr'><strong>mihi</strong></span> <span class='ocrx_word' id='word_1_48' title='bbox 869 951 1097 1041; x_wconf 38' lang='lat' dir='ltr'><strong>ordinc&#39;uiaque</strong></span> <span class='ocrx_word' id='word_1_49' title='bbox 1115 962 1369 1040; x_wconf 85' lang='lat' dir='ltr'><strong>progrediendum</strong></span> <span class='ocrx_word' id='word_1_50' title='bbox 1471 985 1472 1042; x_wconf 50' lang='grc' dir='ltr'><em>ρ</em></span> 
     </span>
    </p>
   </div>
   <div class='ocr_carea' id='block_1_6' title="bbox 250 1047 1472 1162">
    <p class='ocr_par' dir='ltr' id='par_1_6' title="bbox 250 1047 1472 1162">
     <span class='ocr_line' id='line_1_9' title="bbox 250 1047 1472 1162; baseline -0.002 -27"><span class='ocrx_word' id='word_1_51' title='bbox 250 1080 293 1135; x_wconf 88' lang='lat' dir='ltr'><strong>cst</strong></span> <span class='ocrx_word' id='word_1_52' title='bbox 317 1081 344 1136; x_wconf 89' lang='lat' dir='ltr'><strong>ct</strong></span> <span class='ocrx_word' id='word_1_53' title='bbox 377 1072 473 1152; x_wconf 89' lang='lat' dir='ltr'><strong>quoad</strong></span> <span class='ocrx_word' id='word_1_54' title='bbox 503 1071 571 1132; x_wconf 88' lang='lat' dir='ltr'><strong>licet</strong></span> <span class='ocrx_word' id='word_1_55' title='bbox 596 1073 693 1148; x_wconf 86' lang='lat' dir='ltr'><strong>imago</strong></span> <span class='ocrx_word' id='word_1_56' title='bbox 715 1074 805 1132; x_wconf 89' lang='lat' dir='ltr'><strong>totius</strong></span> <span class='ocrx_word' id='word_1_57' title='bbox 823 1071 975 1132; x_wconf 86' lang='lat' dir='ltr'><strong>Crateteae</strong></span> <span class='ocrx_word' id='word_1_58' title='bbox 998 1073 1149 1162; x_wconf 74' lang='lat' dir='ltr'><strong>doctrinae</strong></span> <span class='ocrx_word' id='word_1_59' title='bbox 1175 1049 1370 1152; x_wconf 81' lang='lat' dir='ltr'><strong>proponenda</strong></span> <span class='ocrx_word' id='word_1_60' title='bbox 1471 1047 1472 1120; x_wconf 68' lang='lat' dir='ltr'><strong>l</strong></span> 
     </span>
    </p>
   </div>
   <div class='ocr_carea' id='block_1_7' title="bbox 250 1182 1472 1260">
    <p class='ocr_par' dir='ltr' id='par_1_7' title="bbox 250 1182 1472 1260">
     <span class='ocr_line' id='line_1_10' title="bbox 250 1182 1472 1260; baseline -0.002 -16"><span class='ocrx_word' id='word_1_61' title='bbox 250 1203 305 1244; x_wconf 89' lang='lat' dir='ltr'><strong>nec</strong></span> <span class='ocrx_word' id='word_1_62' title='bbox 325 1183 547 1244; x_wconf 85' lang='lat' dir='ltr'><strong>concedendum</strong></span> <span class='ocrx_word' id='word_1_63' title='bbox 568 1188 601 1242; x_wconf 90' lang='lat' dir='ltr'><strong>ut</strong></span> <span class='ocrx_word' id='word_1_64' title='bbox 623 1184 855 1260; x_wconf 79' lang='lat' dir='ltr'><strong>interrumpatur</strong></span> <span class='ocrx_word' id='word_1_65' title='bbox 871 1201 903 1244; x_wconf 86' lang='lat' dir='ltr'><strong>ea</strong></span> <span class='ocrx_word' id='word_1_66' title='bbox 920 1182 1104 1243; x_wconf 86' lang='lat' dir='ltr'><strong>adumbratio</strong></span> <span class='ocrx_word' id='word_1_67' title='bbox 1123 1183 1284 1243; x_wconf 76' lang='lat' dir='ltr'><strong>refutandis</strong></span> <span class='ocrx_word' id='word_1_68' title='bbox 1299 1202 1371 1260; x_wconf 88' lang='lat' dir='ltr'><strong>per·</strong></span> <span class='ocrx_word' id='word_1_69' title='bbox 1471 1219 1472 1226; x_wconf 27' lang='grc' dir='ltr'><em>ι</em></span> 
     </span>
    </p>
   </div>
   <div class='ocr_carea' id='block_1_8' title="bbox 249 1291 1382 3572">
    <p class='ocr_par' dir='ltr' id='par_1_8' title="bbox 249 1291 1372 1590">
     <span class='ocr_line' id='line_1_11' title="bbox 249 1291 1371 1370; baseline -0.002 -16"><span class='ocrx_word' id='word_1_70' title='bbox 249 1295 344 1355; x_wconf 86' lang='lat' dir='ltr'><strong>uersis</strong></span> <span class='ocrx_word' id='word_1_71' title='bbox 367 1311 478 1354; x_wconf 66' lang='lat' dir='ltr'><strong>,eorum</strong></span> <span class='ocrx_word' id='word_1_72' title='bbox 508 1294 557 1370; x_wconf 90' lang='lat' dir='ltr'><strong>qui</strong></span> <span class='ocrx_word' id='word_1_73' title='bbox 585 1293 692 1370; x_wconf 87' lang='lat' dir='ltr'><strong>passim</strong></span> <span class='ocrx_word' id='word_1_74' title='bbox 716 1293 752 1352; x_wconf 88' lang='lat' dir='ltr'><strong>de</strong></span> <span class='ocrx_word' id='word_1_75' title='bbox 774 1291 822 1352; x_wconf 94' lang='lat' dir='ltr'><strong>illa</strong></span> <span class='ocrx_word' id='word_1_76' title='bbox 845 1293 1202 1354; x_wconf 86' lang='lat' dir='ltr'><strong>disserueruntLersohii</strong></span> <span class='ocrx_word' id='word_1_77' title='bbox 1226 1293 1371 1354; x_wconf 86' lang='lat' dir='ltr'><strong>Graeien-</strong></span> 
     </span>
     <span class='ocr_line' id='line_1_12' title="bbox 250 1401 1372 1483; baseline 0 -19"><span class='ocrx_word' id='word_1_78' title='bbox 250 1404 319 1464; x_wconf 90' lang='lat' dir='ltr'><strong>hani</strong></span> <span class='ocrx_word' id='word_1_79' title='bbox 341 1401 498 1479; x_wconf 82' lang='lat' dir='ltr'><strong>Wegencri</strong></span> <span class='ocrx_word' id='word_1_80' title='bbox 531 1402 731 1480; x_wconf 80' lang='lat' dir='ltr'><strong>opinionibus,</strong></span> <span class='ocrx_word' id='word_1_81' title='bbox 762 1421 837 1481; x_wconf 89' lang='lat' dir='ltr'><strong>quae</strong></span> <span class='ocrx_word' id='word_1_82' title='bbox 865 1403 928 1463; x_wconf 83' lang='lat' dir='ltr'><strong>lere</strong></span> <span class='ocrx_word' id='word_1_83' title='bbox 954 1404 1092 1480; x_wconf 88' lang='lat' dir='ltr'><strong>indignae</strong></span> <span class='ocrx_word' id='word_1_84' title='bbox 1114 1410 1182 1464; x_wconf 89' lang='lat' dir='ltr'><strong>sunt</strong></span> <span class='ocrx_word' id='word_1_85' title='bbox 1210 1406 1237 1464; x_wconf 94' lang='lat' dir='ltr'><strong>in</strong></span> <span class='ocrx_word' id='word_1_86' title='bbox 1262 1403 1372 1483; x_wconf 85' lang='lat' dir='ltr'><strong>quihus</strong></span> 
     </span>
     <span class='ocr_line' id='line_1_13' title="bbox 251 1513 1144 1590; baseline -0.001 -17"><span class='ocrx_word' id='word_1_87' title='bbox 251 1514 374 1574; x_wconf 79' lang='lat' dir='ltr'><strong>liaeroas</strong></span> <span class='ocrx_word' id='word_1_88' title='bbox 396 1519 426 1572; x_wconf 90' lang='lat' dir='ltr'><strong>et</strong></span> <span class='ocrx_word' id='word_1_89' title='bbox 448 1515 485 1572; x_wconf 88' lang='lat' dir='ltr'><strong>ita</strong></span> <span class='ocrx_word' id='word_1_90' title='bbox 509 1521 694 1590; x_wconf 76' lang='lat' dir='ltr'><strong>comparatae</strong></span> <span class='ocrx_word' id='word_1_91' title='bbox 717 1519 749 1574; x_wconf 91' lang='lat' dir='ltr'><strong>ut</strong></span> <span class='ocrx_word' id='word_1_92' title='bbox 771 1519 874 1590; x_wconf 89' lang='lat' dir='ltr'><strong>suapte</strong></span> <span class='ocrx_word' id='word_1_93' title='bbox 897 1513 974 1574; x_wconf 93' lang='lat' dir='ltr'><strong>mole</strong></span> <span class='ocrx_word' id='word_1_94' title='bbox 997 1521 1144 1574; x_wconf 87' lang='lat' dir='ltr'><strong>corruant.</strong></span> 
     </span>
    </p>

    <p class='ocr_par' dir='ltr' id='par_1_9' title="bbox 252 1622 1382 3572">
     <span class='ocr_line' id='line_1_14' title="bbox 336 1622 1373 1702; baseline 0.002 -20"><span class='ocrx_word' id='word_1_95' title='bbox 336 1622 523 1686; x_wconf 80' lang='lat' dir='ltr'><strong>Alexandrini</strong></span> <span class='ocrx_word' id='word_1_96' title='bbox 552 1625 749 1700; x_wconf 82' lang='lat' dir='ltr'><strong>grammatici,</strong></span> <span class='ocrx_word' id='word_1_97' title='bbox 777 1641 901 1702; x_wconf 81' lang='lat' dir='ltr'><strong>qtiorum</strong></span> <span class='ocrx_word' id='word_1_98' title='bbox 917 1625 1023 1684; x_wconf 72' lang='lat' dir='ltr'><strong>‘omnis</strong></span> <span class='ocrx_word' id='word_1_99' title='bbox 1045 1624 1178 1684; x_wconf 86' lang='lat' dir='ltr'><strong>doctrina</strong></span> <span class='ocrx_word' id='word_1_100' title='bbox 1200 1641 1215 1682; x_wconf 94' lang='lat' dir='ltr'><strong>a</strong></span> <span class='ocrx_word' id='word_1_101' title='bbox 1239 1623 1373 1702; x_wconf 90' lang='lat' dir='ltr'><strong>legendis</strong></span> 
     </span>
     <span class='ocr_line' id='line_1_15' title="bbox 252 1733 1373 1814; baseline 0 -20"><span class='ocrx_word' id='word_1_102' title='bbox 252 1734 487 1814; x_wconf 84' lang='lat' dir='ltr'><strong>explicandisque</strong></span> <span class='ocrx_word' id='word_1_103' title='bbox 505 1740 640 1794; x_wconf 89' lang='lat' dir='ltr'><strong>ueterum</strong></span> <span class='ocrx_word' id='word_1_104' title='bbox 660 1735 837 1812; x_wconf 90' lang='lat' dir='ltr'><strong>scriptorum</strong></span> <span class='ocrx_word' id='word_1_105' title='bbox 861 1737 1018 1812; x_wconf 88' lang='lat' dir='ltr'><strong>praecipue</strong></span> <span class='ocrx_word' id='word_1_106' title='bbox 1035 1741 1189 1811; x_wconf 86' lang='lat' dir='ltr'><strong>poetarum</strong></span> <span class='ocrx_word' id='word_1_107' title='bbox 1204 1733 1286 1794; x_wconf 83' lang='lat' dir='ltr'><strong>libris</strong></span> <span class='ocrx_word' id='word_1_108' title='bbox 1300 1753 1373 1812; x_wconf 93' lang='lat' dir='ltr'><strong>pro·</strong></span> 
     </span>
     <span class='ocr_line' id='line_1_16' title="bbox 252 1837 1375 1925; baseline 0.001 -22"><span class='ocrx_word' id='word_1_109' title='bbox 252 1845 326 1906; x_wconf 85' lang='lat' dir='ltr'><strong>lecta</strong></span> <span class='ocrx_word' id='word_1_110' title='bbox 350 1851 401 1912; x_wconf 88' lang='lat' dir='ltr'><strong>est,</strong></span> <span class='ocrx_word' id='word_1_111' title='bbox 426 1846 646 1920; x_wconf 85' lang='lat' dir='ltr'><strong>grammaticam</strong></span> <span class='ocrx_word' id='word_1_112' title='bbox 664 1843 801 1904; x_wconf 86' lang='lat' dir='ltr'><strong>dixerunt</strong></span> <span class='ocrx_word' id='word_1_113' title='bbox 817 1841 993 1925; x_wconf 81' lang='grc' dir='ltr'><strong><em>ἐμπειρίαν</em></strong></span> <span class='ocrx_word' id='word_1_114' title='bbox 1015 1843 1083 1904; x_wconf 77' lang='lat' dir='ltr'><strong>reio</strong></span> <span class='ocrx_word' id='word_1_115' title='bbox 1107 1837 1196 1924; x_wconf 83' lang='grc' dir='ltr'><em>παρά</em></span> <span class='ocrx_word' id='word_1_116' title='bbox 1219 1852 1375 1923; x_wconf 79' lang='grc' dir='ltr'><strong><em>ποιηταῖς</em></strong></span> 
     </span>
     <span class='ocr_line' id='line_1_17' title="bbox 253 1946 1373 2034; baseline -0.001 -21"><span class='ocrx_word' id='word_1_117' title='bbox 253 1973 289 2014; x_wconf 84' lang='grc' dir='ltr'><strong>τε</strong></span> <span class='ocrx_word' id='word_1_118' title='bbox 311 1949 367 2014; x_wconf 78' lang='grc' dir='ltr'><strong>καὶ</strong></span> <span class='ocrx_word' id='word_1_119' title='bbox 390 1953 645 2034; x_wconf 76' lang='grc' dir='ltr'><em>συγγραφεῦσιν</em></span> <span class='ocrx_word' id='word_1_120' title='bbox 663 1946 707 2024; x_wconf 74' lang='grc' dir='ltr'><strong>ὣς</strong></span> <span class='ocrx_word' id='word_1_121' title='bbox 726 1948 781 2014; x_wconf 82' lang='grc' dir='ltr'><strong>ἐπὶ</strong></span> <span class='ocrx_word' id='word_1_122' title='bbox 799 1947 836 2013; x_wconf 84' lang='grc' dir='ltr'><strong>τὸ</strong></span> <span class='ocrx_word' id='word_1_123' title='bbox 855 1947 942 2014; x_wconf 75' lang='grc' dir='ltr'><em>πολὺ</em></span> <span class='ocrx_word' id='word_1_124' title='bbox 958 1951 1148 2032; x_wconf 82' lang='grc' dir='ltr'><em>λεγομένων</em></span> <span class='ocrx_word' id='word_1_125' title='bbox 1164 1955 1284 2032; x_wconf 90' lang='lat' dir='ltr'><strong>eiusque</strong></span> <span class='ocrx_word' id='word_1_126' title='bbox 1300 1973 1373 2014; x_wconf 91' lang='lat' dir='ltr'><strong>con-</strong></span> 
     </span>
     <span class='ocr_line' id='line_1_18' title="bbox 253 2058 1373 2145; baseline -0.001 -21"><span class='ocrx_word' id='word_1_127' title='bbox 253 2065 411 2124; x_wconf 87' lang='lat' dir='ltr'><strong>stituerunt</strong></span> <span class='ocrx_word' id='word_1_128' title='bbox 437 2073 537 2141; x_wconf 85' lang='lat' dir='ltr'><strong>pertas</strong></span> <span class='ocrx_word' id='word_1_129' title='bbox 564 2083 632 2125; x_wconf 84' lang='lat' dir='ltr'><strong>sex:</strong></span> <span class='ocrx_word' id='word_1_130' title='bbox 667 2058 863 2143; x_wconf 89' lang='grc' dir='ltr'><em>άνάγνωσιν</em></span> <span class='ocrx_word' id='word_1_131' title='bbox 893 2061 1030 2144; x_wconf 86' lang='grc' dir='ltr'><em>ἐντριβῆ</em></span> <span class='ocrx_word' id='word_1_132' title='bbox 1055 2058 1139 2124; x_wconf 86' lang='grc' dir='ltr'><em>κατά</em></span> <span class='ocrx_word' id='word_1_133' title='bbox 1168 2061 1373 2145; x_wconf 77' lang='grc' dir='ltr'><em>προςωὸίαν,</em></span> 
     </span>
     <span class='ocr_line' id='line_1_19' title="bbox 254 2168 1376 2254; baseline -0.001 -20"><span class='ocrx_word' id='word_1_134' title='bbox 254 2170 421 2254; x_wconf 77' lang='grc' dir='ltr'><em>ἐξήγησιν,</em></span> <span class='ocrx_word' id='word_1_135' title='bbox 443 2173 607 2252; x_wconf 75' lang='grc' dir='ltr'><em>γλωσσῶν</em></span> <span class='ocrx_word' id='word_1_136' title='bbox 629 2170 685 2234; x_wconf 80' lang='grc' dir='ltr'><strong>καὶ</strong></span> <span class='ocrx_word' id='word_1_137' title='bbox 704 2172 859 2251; x_wconf 72' lang='grc' dir='ltr'><em>ἱστοριῶν</em></span> <span class='ocrx_word' id='word_1_138' title='bbox 883 2169 1058 2253; x_wconf 78' lang='grc' dir='ltr'><em>ἀπόδοσιν,</em></span> <span class='ocrx_word' id='word_1_139' title='bbox 1080 2171 1297 2253; x_wconf 80' lang='grc' dir='ltr'><em>ἐτυμολογίας</em></span> <span class='ocrx_word' id='word_1_140' title='bbox 1316 2168 1376 2233; x_wconf 58' lang='lat' dir='ltr'><strong>eth</strong></span> 
     </span>
     <span class='ocr_line' id='line_1_20' title="bbox 253 2277 1376 2364; baseline 0 -20"><span class='ocrx_word' id='word_1_141' title='bbox 253 2284 365 2363; x_wconf 86' lang='grc' dir='ltr'><em>ρεσιν,</em></span> <span class='ocrx_word' id='word_1_142' title='bbox 402 2277 582 2362; x_wconf 75' lang='grc' dir='ltr'><em>ἀναλογίας</em></span> <span class='ocrx_word' id='word_1_143' title='bbox 613 2279 830 2362; x_wconf 81' lang='grc' dir='ltr'><em>ἐκλογισμόν,</em></span> <span class='ocrx_word' id='word_1_144' title='bbox 868 2284 981 2362; x_wconf 77' lang='grc' dir='ltr'><em>κρίσιν</em></span> <span class='ocrx_word' id='word_1_145' title='bbox 1013 2281 1248 2364; x_wconf 55' lang='grc' dir='ltr'><em>ποιημάτωνῖ)</em></span> <span class='ocrx_word' id='word_1_146' title='bbox 1294 2285 1376 2345; x_wconf 84' lang='lat' dir='ltr'><strong>Haec</strong></span> 
     </span>
     <span class='ocr_line' id='line_1_21' title="bbox 253 2393 1375 2474; baseline 0.002 -20"><span class='ocrx_word' id='word_1_147' title='bbox 253 2412 326 2454; x_wconf 90' lang='lat' dir='ltr'><strong>uero</strong></span> <span class='ocrx_word' id='word_1_148' title='bbox 354 2413 442 2472; x_wconf 88' lang='lat' dir='ltr'><strong>quam</strong></span> <span class='ocrx_word' id='word_1_149' title='bbox 471 2395 597 2454; x_wconf 86' lang='lat' dir='ltr'><strong>maxime</strong></span> <span class='ocrx_word' id='word_1_150' title='bbox 620 2394 727 2454; x_wconf 83' lang='lat' dir='ltr'><strong>Crateti</strong></span> <span class='ocrx_word' id='word_1_151' title='bbox 753 2401 786 2454; x_wconf 93' lang='lat' dir='ltr'><strong>ut</strong></span> <span class='ocrx_word' id='word_1_152' title='bbox 812 2395 922 2454; x_wconf 91' lang='lat' dir='ltr'><strong>homini</strong></span> <span class='ocrx_word' id='word_1_153' title='bbox 950 2393 1126 2474; x_wconf 89' lang='lat' dir='ltr'><strong>philosopho</strong></span> <span class='ocrx_word' id='word_1_154' title='bbox 1151 2394 1375 2472; x_wconf 88' lang='lat' dir='ltr'><strong>displicuerunt.</strong></span> 
     </span>
     <span class='ocr_line' id='line_1_22' title="bbox 255 2497 1377 2582; baseline -0.003 -17"><span class='ocrx_word' id='word_1_155' title='bbox 255 2505 344 2566; x_wconf 84' lang='lat' dir='ltr'><strong>Stoici</strong></span> <span class='ocrx_word' id='word_1_156' title='bbox 368 2505 446 2564; x_wconf 89' lang='lat' dir='ltr'><strong>enim</strong></span> <span class='ocrx_word' id='word_1_157' title='bbox 468 2503 620 2582; x_wconf 87' lang='lat' dir='ltr'><strong>praeclare</strong></span> <span class='ocrx_word' id='word_1_158' title='bbox 639 2505 668 2566; x_wconf 87' lang='lat' dir='ltr'><strong>in</strong></span> <span class='ocrx_word' id='word_1_159' title='bbox 690 2511 782 2564; x_wconf 88' lang='lat' dir='ltr'><strong>artem</strong></span> <span class='ocrx_word' id='word_1_160' title='bbox 803 2507 1025 2580; x_wconf 85' lang='lat' dir='ltr'><strong>grammaticam</strong></span> <span class='ocrx_word' id='word_1_161' title='bbox 1044 2506 1141 2565; x_wconf 89' lang='lat' dir='ltr'><strong>meriti</strong></span> <span class='ocrx_word' id='word_1_162' title='bbox 1157 2502 1204 2576; x_wconf 87' lang='grc' dir='ltr'><strong>είς</strong></span> <span class='ocrx_word' id='word_1_163' title='bbox 1225 2497 1263 2564; x_wconf 82' lang='grc' dir='ltr'><strong>τὸ</strong></span> <span class='ocrx_word' id='word_1_164' title='bbox 1281 2503 1377 2582; x_wconf 87' lang='grc' dir='ltr'><em>λογι-</em></span> 
     </span>
     <span class='ocr_line' id='line_1_23' title="bbox 254 2593 1376 2696; baseline -0.002 -22"><span class='ocrx_word' id='word_1_165' title='bbox 254 2607 317 2676; x_wconf 84' lang='grc' dir='ltr'><strong>κὸν</strong></span> <span class='ocrx_word' id='word_1_166' title='bbox 338 2613 419 2696; x_wconf 82' lang='grc' dir='ltr'><em>περί</em></span> <span class='ocrx_word' id='word_1_167' title='bbox 437 2634 472 2675; x_wconf 87' lang='grc' dir='ltr'><strong>τε</strong></span> <span class='ocrx_word' id='word_1_168' title='bbox 495 2608 670 2693; x_wconf 74' lang='grc' dir='ltr'><em>ὀνομάτων</em></span> <span class='ocrx_word' id='word_1_169' title='bbox 693 2593 876 2695; x_wconf 81' lang='grc' dir='ltr'><em>ὀρθότητος</em></span> <span class='ocrx_word' id='word_1_170' title='bbox 893 2609 1035 2675; x_wconf 79' lang='grc' dir='ltr'><em>καὶτῶν</em></span> <span class='ocrx_word' id='word_1_171' title='bbox 1053 2611 1209 2694; x_wconf 76' lang='grc' dir='ltr'><em>λοιτῦν3)</em></span> <span class='ocrx_word' id='word_1_172' title='bbox 1228 2615 1376 2674; x_wconf 89' lang='lat' dir='ltr'><strong>disseren-</strong></span> 
     </span>
     <span class='ocr_line' id='line_1_24' title="bbox 255 2723 1376 2803; baseline 0 -19"><span class='ocrx_word' id='word_1_173' title='bbox 255 2725 325 2786; x_wconf 93' lang='lat' dir='ltr'><strong>dum</strong></span> <span class='ocrx_word' id='word_1_174' title='bbox 341 2743 405 2786; x_wconf 85' lang='lat' dir='ltr'><strong>esse</strong></span> <span class='ocrx_word' id='word_1_175' title='bbox 429 2725 562 2786; x_wconf 89' lang='lat' dir='ltr'><strong>arbitrati</strong></span> <span class='ocrx_word' id='word_1_176' title='bbox 581 2724 694 2802; x_wconf 85' lang='lat' dir='ltr'><strong>logicae</strong></span> <span class='ocrx_word' id='word_1_177' title='bbox 716 2724 885 2803; x_wconf 85' lang='lat' dir='ltr'><strong>disciplinae</strong></span> <span class='ocrx_word' id='word_1_178' title='bbox 906 2725 1029 2785; x_wconf 87' lang='lat' dir='ltr'><strong>alteram</strong></span> <span class='ocrx_word' id='word_1_179' title='bbox 1047 2731 1162 2802; x_wconf 93' lang='lat' dir='ltr'><strong>partem</strong></span> <span class='ocrx_word' id='word_1_180' title='bbox 1185 2742 1250 2784; x_wconf 88' lang='lat' dir='ltr'><strong>esse</strong></span> <span class='ocrx_word' id='word_1_181' title='bbox 1272 2723 1376 2784; x_wconf 89' lang='lat' dir='ltr'><strong>uolue-</strong></span> 
     </span>
     <span class='ocr_line' id='line_1_25' title="bbox 253 2821 1382 2917; baseline -0.002 -22"><span class='ocrx_word' id='word_1_182' title='bbox 253 2842 324 2897; x_wconf 89' lang='lat' dir='ltr'><strong>runt</strong></span> <span class='ocrx_word' id='word_1_183' title='bbox 350 2829 410 2895; x_wconf 81' lang='grc' dir='ltr'><strong>τὸν</strong></span> <span class='ocrx_word' id='word_1_184' title='bbox 436 2831 541 2896; x_wconf 80' lang='grc' dir='ltr'><em>τόπον</em></span> <span class='ocrx_word' id='word_1_185' title='bbox 567 2828 643 2914; x_wconf 70' lang='grc' dir='ltr'><em>περὶ</em></span> <span class='ocrx_word' id='word_1_186' title='bbox 674 2827 776 2912; x_wconf 80' lang='grc' dir='ltr'><em>αὐτῆς</em></span> <span class='ocrx_word' id='word_1_187' title='bbox 796 2834 854 2914; x_wconf 85' lang='grc' dir='ltr'><strong>τῆς</strong></span> <span class='ocrx_word' id='word_1_188' title='bbox 876 2833 1008 2914; x_wconf 83' lang='grc' dir='ltr'><em>φωνῆς,</em></span> <span class='ocrx_word' id='word_1_189' title='bbox 1026 2832 1077 2895; x_wconf 86' lang='grc' dir='ltr'><em>·ε’ν</em></span> <span class='ocrx_word' id='word_1_190' title='bbox 1099 2821 1127 2917; x_wconf 72' lang='grc' dir='ltr'><em>ᾧ</em></span> <span class='ocrx_word' id='word_1_191' title='bbox 1149 2831 1321 2894; x_wconf 70' lang='grc' dir='ltr'><em>δείκνυται</em></span> <span class='ocrx_word' id='word_1_192' title='bbox 1343 2835 1382 2894; x_wconf 90' lang='grc' dir='ltr'><strong>τί</strong></span> 
     </span>
     <span class='ocr_line' id='line_1_26' title="bbox 256 2937 1376 3025; baseline 0 -21"><span class='ocrx_word' id='word_1_193' title='bbox 256 2945 301 3021; x_wconf 88' lang='grc' dir='ltr'><strong>(τί</strong></span> <span class='ocrx_word' id='word_1_194' title='bbox 311 2945 418 3024; x_wconf 87' lang='lat' dir='ltr'><strong>addidi)</strong></span> <span class='ocrx_word' id='word_1_195' title='bbox 437 2937 458 3024; x_wconf 81' lang='grc' dir='ltr'><em>ῆ</em></span> <span class='ocrx_word' id='word_1_196' title='bbox 482 2939 712 3025; x_wconf 76' lang='grc' dir='ltr'><em>ἐγγράμματος</em></span> <span class='ocrx_word' id='word_1_197' title='bbox 727 2937 824 3024; x_wconf 81' lang='grc' dir='ltr'><em>φωνῆ</em></span> <span class='ocrx_word' id='word_1_198' title='bbox 849 2940 906 3004; x_wconf 79' lang='grc' dir='ltr'><strong>καὶ</strong></span> <span class='ocrx_word' id='word_1_199' title='bbox 926 2943 1003 3005; x_wconf 88' lang='grc' dir='ltr'><em>τίνα</em></span> <span class='ocrx_word' id='word_1_200' title='bbox 1024 2938 1065 3004; x_wconf 86' lang='grc' dir='ltr'><strong>τά</strong></span> <span class='ocrx_word' id='word_1_201' title='bbox 1086 2939 1270 3024; x_wconf 82' lang='grc' dir='ltr'><em>τοῦλόγου</em></span> <span class='ocrx_word' id='word_1_202' title='bbox 1290 2940 1376 3024; x_wconf 80' lang='grc' dir='ltr'><em>μέρη</em></span> 
     </span>
     <span class='ocr_line' id='line_1_27' title="bbox 255 3048 1379 3134; baseline -0.002 -19"><span class='ocrx_word' id='word_1_203' title='bbox 255 3049 312 3115; x_wconf 83' lang='grc' dir='ltr'><strong>καὶ</strong></span> <span class='ocrx_word' id='word_1_204' title='bbox 341 3049 418 3134; x_wconf 88' lang='grc' dir='ltr'><em>περὶ</em></span> <span class='ocrx_word' id='word_1_205' title='bbox 447 3053 666 3132; x_wconf 81' lang='grc' dir='ltr'><em>σολοικισμοῦ</em></span> <span class='ocrx_word' id='word_1_206' title='bbox 692 3048 748 3114; x_wconf 82' lang='grc' dir='ltr'><strong>καλ</strong></span> <span class='ocrx_word' id='word_1_207' title='bbox 777 3053 1013 3134; x_wconf 81' lang='grc' dir='ltr'><em>βαρβαρισμοῦ</em></span> <span class='ocrx_word' id='word_1_208' title='bbox 1040 3049 1193 3134; x_wconf 78' lang='grc' dir='ltr'><em>καὶπερὶ</em></span> <span class='ocrx_word' id='word_1_209' title='bbox 1213 3051 1379 3133; x_wconf 73' lang='grc' dir='ltr'><em>ἐμμελοῦς</em></span> 
     </span>
     <span class='ocr_line' id='line_1_28' title="bbox 256 3151 1378 3246; baseline 0 -22"><span class='ocrx_word' id='word_1_210' title='bbox 256 3165 372 3244; x_wconf 82' lang='grc' dir='ltr'><em>φωνῆς</em></span> <span class='ocrx_word' id='word_1_211' title='bbox 393 3159 449 3225; x_wconf 83' lang='grc' dir='ltr'><strong>καὶ</strong></span> <span class='ocrx_word' id='word_1_212' title='bbox 471 3159 548 3246; x_wconf 83' lang='grc' dir='ltr'><em>περὶ</em></span> <span class='ocrx_word' id='word_1_213' title='bbox 563 3162 727 3243; x_wconf 78' lang='grc' dir='ltr'><em>μουσικῆς</em></span> <span class='ocrx_word' id='word_1_214' title='bbox 739 3165 844 3243; x_wconf 91' lang='lat' dir='ltr'><strong>(Laert.</strong></span> <span class='ocrx_word' id='word_1_215' title='bbox 861 3165 944 3242; x_wconf 85' lang='lat' dir='ltr'><strong>lliog.</strong></span> <span class='ocrx_word' id='word_1_216' title='bbox 961 3156 1021 3233; x_wconf 88' lang='lat' dir='ltr'><strong>Vll,</strong></span> <span class='ocrx_word' id='word_1_217' title='bbox 1039 3167 1099 3246; x_wconf 79' lang='lat' dir='ltr'><strong>li),</strong></span> <span class='ocrx_word' id='word_1_218' title='bbox 1121 3183 1177 3226; x_wconf 87' lang='lat' dir='ltr'><strong>neo</strong></span> <span class='ocrx_word' id='word_1_219' title='bbox 1195 3151 1291 3224; x_wconf 85' lang='lat' dir='ltr'><strong>minus</strong></span> <span class='ocrx_word' id='word_1_220' title='bbox 1307 3163 1378 3224; x_wconf 87' lang='lat' dir='ltr'><strong>sub·</strong></span> 
     </span>
     <span class='ocr_line' id='line_1_29' title="bbox 255 3274 1379 3353; baseline 0 -19"><span class='ocrx_word' id='word_1_221' title='bbox 255 3274 344 3346; x_wconf 84' lang='lat' dir='ltr'><strong>tiliter</strong></span> <span class='ocrx_word' id='word_1_222' title='bbox 373 3293 494 3336; x_wconf 86' lang='lat' dir='ltr'><strong>casuum</strong></span> <span class='ocrx_word' id='word_1_223' title='bbox 522 3282 750 3353; x_wconf 85' lang='lat' dir='ltr'><strong>temporumque</strong></span> <span class='ocrx_word' id='word_1_224' title='bbox 777 3276 940 3336; x_wconf 87' lang='lat' dir='ltr'><strong>doctrinam</strong></span> <span class='ocrx_word' id='word_1_225' title='bbox 969 3277 1064 3336; x_wconf 85' lang='lat' dir='ltr'><strong>rimati</strong></span> <span class='ocrx_word' id='word_1_226' title='bbox 1091 3282 1173 3345; x_wconf 90' lang='lat' dir='ltr'><strong>sunt,</strong></span> <span class='ocrx_word' id='word_1_227' title='bbox 1205 3275 1241 3334; x_wconf 93' lang='lat' dir='ltr'><strong>de</strong></span> <span class='ocrx_word' id='word_1_228' title='bbox 1269 3274 1379 3353; x_wconf 88' lang='lat' dir='ltr'><strong>quihus</strong></span> 
     </span>
     <span class='ocr_line' id='line_1_30' title="bbox 257 3385 1380 3472; baseline 0.001 -28"><span class='ocrx_word' id='word_1_229' title='bbox 257 3385 392 3446; x_wconf 88' lang='lat' dir='ltr'><strong>omnibns</strong></span> <span class='ocrx_word' id='word_1_230' title='bbox 418 3393 520 3448; x_wconf 90' lang='lat' dir='ltr'><strong>notum</strong></span> <span class='ocrx_word' id='word_1_231' title='bbox 547 3393 590 3445; x_wconf 88' lang='lat' dir='ltr'><strong>est</strong></span> <span class='ocrx_word' id='word_1_232' title='bbox 611 3387 730 3463; x_wconf 75' lang='lat' dir='ltr'><strong>‘egregie</strong></span> <span class='ocrx_word' id='word_1_233' title='bbox 757 3387 918 3466; x_wconf 87' lang='lat' dir='ltr'><strong>disputasse</strong></span> <span class='ocrx_word' id='word_1_234' title='bbox 937 3385 1126 3466; x_wconf 87' lang='lat' dir='ltr'><strong>Rudolphum</strong></span> <span class='ocrx_word' id='word_1_235' title='bbox 1149 3386 1282 3472; x_wconf 80' lang='lat' dir='ltr'><strong>Schmidt</strong></span> <span class='ocrx_word' id='word_1_236' title='bbox 1302 3389 1380 3454; x_wconf 78' lang='lat' dir='ltr'><strong>stoi-</strong></span> 
     </span>
     <span class='ocr_line' id='line_1_31' title="bbox 255 3495 1379 3572; baseline -0.002 -16"><span class='ocrx_word' id='word_1_237' title='bbox 255 3513 358 3556; x_wconf 82' lang='lat' dir='ltr'><strong>corum</strong></span> <span class='ocrx_word' id='word_1_238' title='bbox 370 3499 578 3570; x_wconf 78' lang='grc' dir='ltr'><em>γνααινιαίίτα.</em></span> <span class='ocrx_word' id='word_1_239' title='bbox 624 3495 654 3554; x_wconf 92' lang='lat' dir='ltr'><strong>ld</strong></span> <span class='ocrx_word' id='word_1_240' title='bbox 674 3515 766 3556; x_wconf 80' lang='lat' dir='ltr'><strong>tinum</strong></span> <span class='ocrx_word' id='word_1_241' title='bbox 787 3497 908 3557; x_wconf 86' lang='lat' dir='ltr'><strong>adiciam</strong></span> <span class='ocrx_word' id='word_1_242' title='bbox 925 3514 1045 3556; x_wconf 88' lang='lat' dir='ltr'><strong>necesse</strong></span> <span class='ocrx_word' id='word_1_243' title='bbox 1065 3503 1125 3566; x_wconf 86' lang='lat' dir='ltr'><strong>est,</strong></span> <span class='ocrx_word' id='word_1_244' title='bbox 1149 3497 1256 3556; x_wconf 91' lang='lat' dir='ltr'><strong>stoicos</strong></span> <span class='ocrx_word' id='word_1_245' title='bbox 1274 3496 1300 3554; x_wconf 92' lang='lat' dir='ltr'><strong>ei</strong></span> <span class='ocrx_word' id='word_1_246' title='bbox 1317 3513 1379 3572; x_wconf 89' lang='lat' dir='ltr'><strong>po-</strong></span> 
     </span>
    </p>
   </div>
   <div class='ocr_carea' id='block_1_9' title="bbox 257 3689 1382 4282">
    <p class='ocr_par' dir='ltr' id='par_1_10' title="bbox 257 3689 1380 3848">
     <span class='ocr_line' id='line_1_32' title="bbox 344 3689 1380 3766; baseline 0 -18"><span class='ocrx_word' id='word_1_247' title='bbox 344 3699 368 3764; x_wconf 85' lang='lat'><strong>1)</strong></span> <span class='ocrx_word' id='word_1_248' title='bbox 391 3700 567 3754; x_wconf 86' lang='lat' dir='ltr'><strong>Ptolemaeus</strong></span> <span class='ocrx_word' id='word_1_249' title='bbox 591 3701 754 3750; x_wconf 82' lang='lat' dir='ltr'><strong>Ascalonita</strong></span> <span class='ocrx_word' id='word_1_250' title='bbox 778 3689 810 3752; x_wconf 72' lang='grc' dir='ltr'><strong>ἓν</strong></span> <span class='ocrx_word' id='word_1_251' title='bbox 832 3698 871 3766; x_wconf 79' lang='grc' dir='ltr'><strong>τῷ</strong></span> <span class='ocrx_word' id='word_1_252' title='bbox 894 3697 960 3765; x_wconf 77' lang='grc' dir='ltr'><em>περὶ</em></span> <span class='ocrx_word' id='word_1_253' title='bbox 978 3698 1028 3766; x_wconf 83' lang='grc' dir='ltr'><strong>τῆς</strong></span> <span class='ocrx_word' id='word_1_254' title='bbox 1045 3697 1225 3764; x_wconf 84' lang='grc' dir='ltr'><em>Κρατητείου</em></span> <span class='ocrx_word' id='word_1_255' title='bbox 1243 3691 1380 3762; x_wconf 68' lang='lat' dir='ltr'><strong>niciosus</strong></span> 
     </span>
     <span class='ocr_line' id='line_1_33' title="bbox 257 3783 1068 3848; baseline -0.002 -14"><span class='ocrx_word' id='word_1_256' title='bbox 257 3785 343 3834; x_wconf 84' lang='lat' dir='ltr'><strong>schol.</strong></span> <span class='ocrx_word' id='word_1_257' title='bbox 363 3785 377 3833; x_wconf 96' lang='lat' dir='ltr'>I</span> <span class='ocrx_word' id='word_1_258' title='bbox 396 3783 443 3833; x_wconf 87' lang='grc'><strong>155</strong></span> <span class='ocrx_word' id='word_1_259' title='bbox 464 3801 480 3834; x_wconf 87' lang='lat' dir='ltr'><strong>a</strong></span> <span class='ocrx_word' id='word_1_260' title='bbox 499 3800 611 3848; x_wconf 91' lang='lat' dir='ltr'><strong>quorum</strong></span> <span class='ocrx_word' id='word_1_261' title='bbox 629 3785 753 3848; x_wconf 82' lang='lat' dir='ltr'><strong>partibus</strong></span> <span class='ocrx_word' id='word_1_262' title='bbox 772 3787 883 3835; x_wconf 89' lang='lat' dir='ltr'><strong>steterit</strong></span> <span class='ocrx_word' id='word_1_263' title='bbox 900 3802 955 3835; x_wconf 91' lang='lat' dir='ltr'><strong>non</strong></span> <span class='ocrx_word' id='word_1_264' title='bbox 972 3785 1068 3848; x_wconf 89' lang='lat' dir='ltr'><strong>liquet.</strong></span> 
     </span>
    </p>

    <p class='ocr_par' dir='ltr' id='par_1_11' title="bbox 259 3861 1379 4018">
     <span class='ocr_line' id='line_1_34' title="bbox 341 3861 1379 3933; baseline 0.002 -17"><span class='ocrx_word' id='word_1_265' title='bbox 341 3868 367 3932; x_wconf 79' lang='lat'><strong>2)</strong></span> <span class='ocrx_word' id='word_1_266' title='bbox 386 3869 514 3932; x_wconf 80' lang='lat' dir='ltr'><strong>Dionysii</strong></span> <span class='ocrx_word' id='word_1_267' title='bbox 533 3870 604 3918; x_wconf 90' lang='lat' dir='ltr'><strong>enim</strong></span> <span class='ocrx_word' id='word_1_268' title='bbox 617 3869 734 3918; x_wconf 82' lang='lat' dir='ltr'><strong>Thracis</strong></span> <span class='ocrx_word' id='word_1_269' title='bbox 748 3884 808 3918; x_wconf 86' lang='lat' dir='ltr'><strong>esse</strong></span> <span class='ocrx_word' id='word_1_270' title='bbox 828 3887 889 3919; x_wconf 89' lang='lat' dir='ltr'><strong>eam</strong></span> <span class='ocrx_word' id='word_1_271' title='bbox 908 3885 977 3932; x_wconf 82' lang='lat' dir='ltr'><strong>quae</strong></span> <span class='ocrx_word' id='word_1_272' title='bbox 997 3869 1084 3918; x_wconf 82' lang='lat' dir='ltr'><strong>fertur</strong></span> <span class='ocrx_word' id='word_1_273' title='bbox 1101 3861 1205 3932; x_wconf 81' lang='grc' dir='ltr'><em>τέχνην</em></span> <span class='ocrx_word' id='word_1_274' title='bbox 1224 3869 1269 3932; x_wconf 91' lang='lat' dir='ltr'><strong>qui</strong></span> <span class='ocrx_word' id='word_1_275' title='bbox 1288 3870 1379 3933; x_wconf 82' lang='lat' dir='ltr'><strong>possit</strong></span> 
     </span>
     <span class='ocr_line' id='line_1_35' title="bbox 259 3951 1323 4018; baseline -0.002 -14"><span class='ocrx_word' id='word_1_276' title='bbox 259 3955 357 4018; x_wconf 86' lang='lat' dir='ltr'><strong>negari</strong></span> <span class='ocrx_word' id='word_1_277' title='bbox 375 3958 437 4018; x_wconf 90' lang='lat' dir='ltr'><strong>post</strong></span> <span class='ocrx_word' id='word_1_278' title='bbox 456 3953 635 4003; x_wconf 84' lang='lat' dir='ltr'><strong>Schmidtiurn</strong></span> <span class='ocrx_word' id='word_1_279' title='bbox 653 3954 682 4002; x_wconf 90' lang='lat' dir='ltr'><strong>in</strong></span> <span class='ocrx_word' id='word_1_280' title='bbox 700 3953 831 4018; x_wconf 84' lang='lat' dir='ltr'><strong>philolog.</strong></span> <span class='ocrx_word' id='word_1_281' title='bbox 849 3953 931 4015; x_wconf 90' lang='lat' dir='ltr'>VIII,</span> <span class='ocrx_word' id='word_1_282' title='bbox 949 3969 975 4017; x_wconf 89' lang='lat' dir='ltr'><strong>p.</strong></span> <span class='ocrx_word' id='word_1_283' title='bbox 995 3951 1044 4003; x_wconf 79' lang='lat'><strong>231</strong></span> <span class='ocrx_word' id='word_1_284' title='bbox 1064 3968 1103 4017; x_wconf 85' lang='lat' dir='ltr'><strong>sq.</strong></span> <span class='ocrx_word' id='word_1_285' title='bbox 1123 3969 1178 4002; x_wconf 88' lang='lat' dir='ltr'><strong>non</strong></span> <span class='ocrx_word' id='word_1_286' title='bbox 1196 3953 1323 4018; x_wconf 81' lang='lat' dir='ltr'><strong>dispicio.</strong></span> 
     </span>
    </p>

    <p class='ocr_par' dir='ltr' id='par_1_12' title="bbox 260 4033 1382 4282">
     <span class='ocr_line' id='line_1_36' title="bbox 345 4033 1382 4103; baseline -0.002 -13"><span class='ocrx_word' id='word_1_287' title='bbox 345 4038 372 4103; x_wconf 87' lang='lat'><strong>3)</strong></span> <span class='ocrx_word' id='word_1_288' title='bbox 391 4039 486 4088; x_wconf 89' lang='lat' dir='ltr'><strong>Laert.</strong></span> <span class='ocrx_word' id='word_1_289' title='bbox 505 4038 587 4102; x_wconf 82' lang='lat' dir='ltr'><strong>Diog.</strong></span> <span class='ocrx_word' id='word_1_290' title='bbox 606 4038 667 4100; x_wconf 84' lang='lat' dir='ltr'>VII,</span> <span class='ocrx_word' id='word_1_291' title='bbox 686 4035 728 4100; x_wconf 84' lang='lat'><strong>83,</strong></span> <span class='ocrx_word' id='word_1_292' title='bbox 747 4037 794 4087; x_wconf 92' lang='lat' dir='ltr'><strong>ubi</strong></span> <span class='ocrx_word' id='word_1_293' title='bbox 812 4033 861 4087; x_wconf 85' lang='grc' dir='ltr'><strong>καλ</strong></span> <span class='ocrx_word' id='word_1_294' title='bbox 879 4036 934 4086; x_wconf 75' lang='grc' dir='ltr'><strong>τῶν</strong></span> <span class='ocrx_word' id='word_1_295' title='bbox 953 4035 1060 4088; x_wconf 76' lang='grc' dir='ltr'><em>λοιπῶν</em></span> <span class='ocrx_word' id='word_1_296' title='bbox 1079 4037 1172 4088; x_wconf 87' lang='lat' dir='ltr'><strong>adieci</strong></span> <span class='ocrx_word' id='word_1_297' title='bbox 1189 4053 1223 4087; x_wconf 84' lang='lat' dir='ltr'><strong>ex</strong></span> <span class='ocrx_word' id='word_1_298' title='bbox 1242 4037 1382 4103; x_wconf 82' lang='lat' dir='ltr'><strong>Stephani</strong></span> 
     </span>
     <span class='ocr_line' id='line_1_37' title="bbox 261 4120 1381 4187; baseline 0 -13"><span class='ocrx_word' id='word_1_299' title='bbox 261 4125 403 4174; x_wconf 83' lang='lat' dir='ltr'><strong>codicibus</strong></span> <span class='ocrx_word' id='word_1_300' title='bbox 422 4139 483 4173; x_wconf 90' lang='lat' dir='ltr'><strong>cum</strong></span> <span class='ocrx_word' id='word_1_301' title='bbox 502 4123 532 4174; x_wconf 83' lang='grc' dir='ltr'><strong>Ο.</strong></span> <span class='ocrx_word' id='word_1_302' title='bbox 552 4125 583 4174; x_wconf 84' lang='lat' dir='ltr'><strong>F.</strong></span> <span class='ocrx_word' id='word_1_303' title='bbox 602 4124 762 4172; x_wconf 80' lang='lat' dir='ltr'><strong>Hermanno</strong></span> <span class='ocrx_word' id='word_1_304' title='bbox 781 4122 810 4170; x_wconf 89' lang='lat' dir='ltr'><strong>in</strong></span> <span class='ocrx_word' id='word_1_305' title='bbox 828 4121 899 4172; x_wconf 85' lang='lat' dir='ltr'><strong>diar.</strong></span> <span class='ocrx_word' id='word_1_306' title='bbox 918 4123 1003 4187; x_wconf 84' lang='lat' dir='ltr'><strong>antiq.</strong></span> <span class='ocrx_word' id='word_1_307' title='bbox 1021 4123 1035 4172; x_wconf 94' lang='lat' dir='ltr'>I</span> <span class='ocrx_word' id='word_1_308' title='bbox 1053 4121 1149 4186; x_wconf 68' lang='lat'>(1834),</span> <span class='ocrx_word' id='word_1_309' title='bbox 1169 4139 1195 4186; x_wconf 90' lang='lat' dir='ltr'><strong>p.</strong></span> <span class='ocrx_word' id='word_1_310' title='bbox 1212 4120 1272 4183; x_wconf 83' lang='lat'>105;</span> <span class='ocrx_word' id='word_1_311' title='bbox 1291 4124 1381 4174; x_wconf 86' lang='lat' dir='ltr'><strong>uerba</strong></span> 
     </span>
     <span class='ocr_line' id='line_1_38' title="bbox 260 4194 1368 4282; baseline -0.002 -22"><span class='ocrx_word' id='word_1_312' title='bbox 260 4225 330 4273; x_wconf 85' lang='lat' dir='ltr'><strong>quaa</strong></span> <span class='ocrx_word' id='word_1_313' title='bbox 350 4214 480 4260; x_wconf 83' lang='lat' dir='ltr'><strong>secuntur</strong></span> <span class='ocrx_word' id='word_1_314' title='bbox 498 4197 574 4266; x_wconf 80' lang='grc' dir='ltr'><em>ὅκως</em></span> <span class='ocrx_word' id='word_1_315' title='bbox 593 4201 731 4270; x_wconf 79' lang='grc' dir='ltr'><em>διέταξαν</em></span> <span class='ocrx_word' id='word_1_316' title='bbox 755 4201 784 4282; x_wconf 70' lang='grc' dir='ltr'><strong>οῆ</strong></span> <span class='ocrx_word' id='word_1_317' title='bbox 801 4199 883 4272; x_wconf 82' lang='grc' dir='ltr'><em>νόμον</em></span> <span class='ocrx_word' id='word_1_318' title='bbox 902 4207 1066 4272; x_wconf 80' lang='lat' dir='ltr'><strong>corrigenda</strong></span> <span class='ocrx_word' id='word_1_319' title='bbox 1085 4212 1148 4256; x_wconf 88' lang='lat' dir='ltr'><strong>sunt</strong></span> <span class='ocrx_word' id='word_1_320' title='bbox 1165 4194 1242 4263; x_wconf 74' lang='grc' dir='ltr'><em>ὅπως</em></span> <span class='ocrx_word' id='word_1_321' title='bbox 1261 4199 1294 4256; x_wconf 72' lang='grc' dir='ltr'><strong>δὲ</strong></span> <span class='ocrx_word' id='word_1_322' title='bbox 1312 4199 1368 4258; x_wconf 82' lang='grc' dir='ltr'><strong>τάν</strong></span> 
     </span>
    </p>
   </div>
   <div class='ocr_carea' id='block_1_10' title="bbox 154 4286 1308 4359">
    <p class='ocr_par' dir='ltr' id='par_1_13' title="bbox 154 4286 1308 4359">
     <span class='ocr_line' id='line_1_39' title="bbox 154 4286 1308 4359; baseline -0.002 -17"><span class='ocrx_word' id='word_1_323' title='bbox 154 4323 158 4330; x_wconf 90' lang='grc'>-</span> <span class='ocrx_word' id='word_1_324' title='bbox 261 4307 358 4344; x_wconf 87' lang='grc' dir='ltr'><em>σονται</em></span> <span class='ocrx_word' id='word_1_325' title='bbox 378 4286 476 4359; x_wconf 87' lang='grc' dir='ltr'><em>νόμοι,</em></span> <span class='ocrx_word' id='word_1_326' title='bbox 496 4293 566 4359; x_wconf 90' lang='lat' dir='ltr'><strong>quod</strong></span> <span class='ocrx_word' id='word_1_327' title='bbox 585 4309 682 4343; x_wconf 90' lang='lat' dir='ltr'><strong>moneo</strong></span> <span class='ocrx_word' id='word_1_328' title='bbox 701 4293 735 4343; x_wconf 91' lang='lat' dir='ltr'><strong>ob</strong></span> <span class='ocrx_word' id='word_1_329' title='bbox 754 4291 915 4341; x_wconf 85' lang='lat' dir='ltr'><strong>Lerschium</strong></span> <span class='ocrx_word' id='word_1_330' title='bbox 933 4292 1030 4357; x_wconf 83' lang='lat' dir='ltr'><strong>philos.</strong></span> <span class='ocrx_word' id='word_1_331' title='bbox 1050 4291 1163 4357; x_wconf 85' lang='lat' dir='ltr'><strong>linguae</strong></span> <span class='ocrx_word' id='word_1_332' title='bbox 1180 4293 1202 4351; x_wconf 78' lang='grc' dir='ltr'><strong>Ι,</strong></span> <span class='ocrx_word' id='word_1_333' title='bbox 1220 4308 1246 4356; x_wconf 94' lang='lat' dir='ltr'><strong>p.</strong></span> <span class='ocrx_word' id='word_1_334' title='bbox 1265 4291 1308 4341; x_wconf 86' lang='grc'><strong>46.</strong></span> 
     </span>
    </p>
   </div>
   <div class='ocr_carea' id='block_1_11' title="bbox 0 0 1500 5084">
    <p class='ocr_par' dir='ltr' id='par_1_14' title="bbox 0 0 1500 5084">
     <span class='ocr_line' id='line_1_40' title="bbox 0 0 1500 5084; baseline 0 0"><span class='ocrx_word' id='word_1_335' title='bbox 0 0 1500 5084; x_wconf 95' lang='lat' dir='ltr'><strong> </strong></span> 
     </span>
    </p>
   </div>
  </div>
 </body>
</html>
