2950 5084
607 234 646 300 19

134 415 290 506 φεύγετ’,
306 415 545 503 Ἀριστάρχειοι
568 416 621 482 ἐπ’
646 415 745 502 εόρὲοι
764 420 855 482 voitu
875 413 1049 500 θαλάσσης

191 527 332 594 Ἑλλάδα
352 532 412 611 τῆς
433 529 559 612 ξουθῆς
583 525 766 612 δειλότεροι
787 527 930 610 κεμάδος

150 639 425 724 γωνιοβόμβυκες
445 637 694 722 μονοσύλλαβοι
717 629 782 702 οἷσι
801 639 948 722 μέμηλεν

192 749 231 814 τὸ
254 746 337 832 σφὶν
359 747 415 812 καὶ
435 750 547 831 operib
571 747 627 812 κοιλ
648 747 686 813 τό
708 749 767 832 μὶν
786 745 847 831 ἡδὲ
869 745 907 811 τό
927 751 994 811 νίν.

152 865 284 924 Primum
303 864 392 940 igitur
414 861 508 922 noluit
529 861 631 922 Crates
654 863 790 923 traditam
809 860 929 922 Homeri
949 860 1112 924 uerborum
1134 880 1184 921 ex-

63 975 135 1053 pelli
163 967 426 1035 dissimilitudinem
452 991 549 1051 neque
578 979 658 1034 recte
686 973 805 1034 omnino
832 978 935 1049 poetae
957 969 1056 1031 uerba.
1070 973 1187 1050 putauit

65 1087 103 1145 ad
128 1086 267 1145 trutinam
297 1083 374 1142 illam
397 1083 649 1143 Aristarcbcarum
680 1082 858 1160 regularum
874 1096 1074 1160 praepropere
1096 1100 1184 1160 saepe

63 1197 300 1271 excogitatarum
321 1195 412 1270 exigi,
438 1193 548 1254 nedum
569 1194 779 1255 admittendam
803 1195 866 1253 e'sse
894 1187 1053 1252 uiolentam
1080 1211 1184 1252 eorum

63 1305 236 1383 corrigendi
258 1303 411 1364 rationem.
446 1306 540 1383 Atque
561 1306 590 1364 in
606 1304 736 1365 Homero
758 1303 981 1364 concedendum
997 1307 1045 1362 est
1063 1321 1126 1368 reru
1146 1304 1182 1362 ita

63 1435 129 1476 esse
162 1422 359 1494 comparatam
388 1421 419 1474 ut
450 1414 486 1474 ab
516 1433 550 1474 eo
579 1416 737 1492 praecipue
768 1415 817 1493 qui
842 1414 1059 1474 diuersissimas
1082 1414 1185 1472 aetatis

63 1529 128 1586 eius
145 1503 310 1585 carminum
331 1525 609 1602 originemrepute't
627 1526 657 1584 in
671 1531 827 1603 utramque
848 1531 962 1602 partem
977 1524 1070 1600 possit
1084 1523 1183 1600 dispu-

63 1638 135 1704 tari,
166 1636 196 1695 id
222 1635 303 1714 quod
331 1636 436 1710 insigni
461 1653 557 1712 nuper
587 1634 721 1720 exemplo
747 1635 831 1696 uides
857 1632 1036 1694 declaratum
1060 1633 1182 1694 Immau.

63 1745 193 1806 Bclrkcri
220 1751 250 1805 et
272 1745 344 1804 liud.
369 1744 598 1805 Friedlaeuderi.
645 1743 778 1814 Quorum
806 1743 949 1806 stlocum
973 1744 1002 1802 in
1019 1745 1183 1802 nouissima

62 1875 116 1916 sua
146 1855 273 1916 editione
302 1855 472 1915 adornanda
503 1874 535 1915 se
559 1854 692 1933 analogia
719 1861 868 1934 tamquam
896 1854 971 1914 dirce
999 1860 1184 1931 spectatast
1291 1903 1294 1910 .

62 1967 190 2045 probata
212 1968 298 2026 etiam
321 1950 513 2026 confidentius
531 1965 641 2026 fretum
658 1963 911 2044 areceptauolgo
927 1963 1052 2023 lectione
1066 1963 1183 2039 longius
1261 2007 1263 2012 -

62 2095 155 2155 <priam
176 2075 268 2136 ullum
290 2082 356 2136 ante
372 2094 404 2134 se
419 2075 562 2136 editorem
577 2075 745 2138 discessisse
762 2076 914 2138 confessus
929 2080 1019 2142 esset,
1044 2073 1092 2132 hic
1112 2091 1183 2132 oon·

62 2195 108 2246 tra
125 2189 156 2246 in
173 2186 357 2246 diiudicanda
373 2187 436 2246 eius
451 2186 578 2246 editione
592 2187 738 2263 iri-progr.
755 2185 939 2262 Regiomout.
956 2181 1081 2244 hiberno
1104 2181 1182 2245 1859

62 2316 91 2375 p.
119 2300 139 2356 4
164 2297 221 2363 hoo
243 2315 388 2375 apparere
410 2294 481 2356 dixit
500 2298 640 2372 orationis
661 2296 878 2376 progredientis
894 2295 1065 2372 'sensimque
1088 2300 1182 2358 muta·

64 2415 111 2466 tae
140 2407 262 2482 uestigia
290 2407 411 2466 Homeri
438 2406 618 2489 carminibus
644 2423 704 2466 uon
727 2413 822 2486 pauca
849 2407 989 2483 impressa
1018 2423 1082 2466 esse
1108 2424 1183 2484 qrrae

62 2525 181 2578 tantum
205 2516 307 2576 abesse
329 2523 361 2576 ut
379 2515 503 2577 delenda
519 2519 696 2576 existimarat
718 2524 749 2576 ut
771 2516 988 2592 diligentissima
1007 2517 1182 2576 attendenda

62 2635 91 2688 et
117 2627 264 2687 seruanda
292 2627 472 2688 uiderentur.
516 2627 611 2686 Porro
636 2631 738 2704 negari
767 2627 868 2704 nequit
886 2626 1087 2686 Aristarchum
1109 2645 1182 2686 non-

62 2755 227 2816 numquam
248 2738 334 2797 nimis
357 2737 483 2815 rigidum
497 2737 617 2797 Homeri
637 2736 799 2798 uerborum
816 2735 1059 2814 inaequabilitatis
1079 2750 1182 2796 censo·

61 2868 130 2910 rem
146 2867 178 2907 se
193 2847 379 2925 praebuisse,
403 2867 491 2926 quam
506 2866 569 2908 rem
586 2867 653 2908 cum
669 2849 818 2924 tetigerint
837 2845 955 2908 Nitzsoh
979 2848 1181 2922 Αννιονλνιιρ.

60 2979 91 3020 z.
119 2960 224 3034 θάνες.
251 2958 309 3018 uol.
332 2959 361 3027 1,
384 2977 412 3038 p.
432 2961 471 3020 40
481 2955 510 3038 ¹).
547 2958 649 3018 Nauck
672 2958 820 3035 Aristoph.
838 2957 905 3036 Byr.
930 2975 959 3037 p.
970 2957 1016 3018 dd
1036 2975 1065 3016 n.
1091 2959 1130 3016 75
1154 2964 1183 3017 et

61 3089 91 3148 p.
117 3069 174 3138 34,
196 3069 234 3128 u.
258 3069 390 3128 suumin
412 3069 441 3128 u
464 3053 603 3146 philolog.
627 3069 713 3138 vnn
736 3087 764 3146 p.
790 3067 852 3128 426
873 3085 928 3146 sq„
952 3068 1013 3127 752
1036 3082 1078 3146 sq.
1103 3074 1132 3128 a
1152 3071 1182 3127 u

62 3181 159 3239 lahnii
173 3177 275 3238 annal.
300 3181 357 3248 71,
376 3184 383 3198 ¹
394 3197 421 3257 p.
448 3177 509 3239 220
542 3197 602 3258 sq.,
636 3181 698 3259 ipse
733 3197 812 3238 nrrnc
845 3179 928 3238 mitto
958 3177 1028 3237 alias
1059 3179 1182 3239 tortasse

61 3291 214 3367 copiosius
243 3287 452 3368 explanaturus
478 3289 526 3348 hic
555 3296 710 3350 contentus
736 3290 855 3349 unicum
883 3287 1039 3366 protulisse
1066 3290 1096 3348 in
1124 3309 1182 3367 qun

61 3401 213 3460 Cratetem
235 3401 262 3459 ei
290 3401 513 3459 necimmerito
537 3400 726 3460 aduersatum
749 3417 812 3459 csse
833 3405 943 3477 putem.
994 3397 1016 3458 Ι
1035 3399 1095 3462 464
1118 3399 1182 3458 dri-

61 3509 203 3570 starohus
221 3511 397 3587 scripturam
413 3509 449 3570 ab
465 3510 601 3569 omnibus
619 3509 697 3588 quod
721 3509 830 3568 scimus
852 3508 1002 3568 codicibus
1024 3509 1182 3570 exhibitam

61 3615 266 3690 άντιόωντες
294 3622 423 3680 correxit
450 3614 480 3680 in
511 3609 615 3700 άμφλς
641 3615 751 3689 ἐόντες
775 3620 884 3698 quippe
913 3637 980 3677 cum
1008 3624 1180 3694 potestatem

60 3732 147 3792 uocis
169 3721 368 3802 ἀντιόωντες
395 3732 425 3790 in
451 3732 488 3791 Ψ
507 3729 569 3792 ό43
591 3735 762 3809 usurpatam
791 3729 849 3789 huc
870 3747 930 3787 uon
950 3729 1096 3806 quiadrare
1117 3703 1191 3788 cer-⁴

59 3849 150 3902 neret
173 3840 220 3920 (cl.
244 3839 334 3900 schol.
359 3840 382 3900 n
406 3839 471 3901 ll.l
500 3841 590 3920 464);
620 3839 720 3900 Crates
748 3847 850 3900 eontra
875 3874 908 3882 -
933 3841 957 3898 si
986 3839 1073 3902 modo
1101 3845 1182 3898 reete

59 3985 302 3996 -—--.---—---·-

59 4053 116 4112 κόν
141 4060 190 4122 (ci.
210 4060 295 4110 schol.
314 4059 332 4109 l.
352 4060 386 4124 s.)
411 4065 438 4110 et
461 4060 482 4110 A
504 4061 550 4110 152
575 4057 660 4124 δεῦρο
685 4059 836 4125 explicauit
855 4059 950 4123 ,‚l1ic“
970 4057 1017 4123 (ei.
1036 4057 1133 4130 Zonar.
1153 4072 1179 4122 p.
1200 4081 1203 4088 ·

59 4145 121 4208 4111,
143 4150 226 4208 etym.
245 4158 336 4208 magu.
355 4161 381 4210 p.
401 4144 459 4208 259,
480 4145 566 4195 schol.
585 4145 618 4194 Il.
637 4145 656 4195 l.
676 4160 706 4208 s.‚
726 4145 822 4194 Lelirs.
842 4143 925 4192 Arist.
945 4159 971 4206 p.
993 4139 1060 4205 139).

151 4229 176 4291 l)
200 4228 245 4277 Cf.
269 4229 354 4280 schol.
381 4230 451 4294 quod
476 4247 508 4280 ex
533 4230 591 4278 cod.
614 4231 706 4280 Vatic.
735 4228 786 4278 919
829 4228 1002 4276 Boumeister
1025 4225 1060 4275 ad
1082 4223 1110 4274 K
1131 4223 1182 4274 4118

60 4315 178 4382 protulit
196 4314 225 4362 in
244 4313 376 4379 philolog.
397 4315 443 4378 XI,
464 4332 490 4378 p.
508 4313 554 4363 169
574 4319 602 4362 ct
621 4313 734 4362 Cramer
753 4330 797 4362 an.
817 4313 905 4362 Panis.
925 4313 973 4373 111,
993 4327 1019 4375 p.
1041 4309 1079 4360 13.

935 4407 951 4458 -2
962 4399 979 4436 u
