2950 5084
748 243 900 332 —m—

268 426 461 505 enplanat'am.
494 425 571 496 Quin
594 426 718 485 stoicum
738 425 773 486 de
796 431 882 485 noete
897 432 1046 502 tamquam
1062 429 1160 482 terrae
1177 421 1280 482 umbra
1304 439 1390 481 oom-

267 543 399 598 mentum
408 533 429 614 ¹)
453 541 559 612 poetae
579 535 614 595 K
633 534 694 596 394
716 537 883 611 assignauit.
1108 517 1112 524 ’

352 647 459 706 Verum
481 644 517 704 ad
537 643 690 704 consilium
707 648 793 706 suum
810 643 1039 724 perpetrandum
1057 641 1104 702 uel
1120 641 1276 720 allegorica
1293 643 1389 701 inter-

267 757 436 834 pretatione.
464 755 572 815 irretiri
602 771 633 815 se
655 773 761 832 passus
783 762 826 814 est
850 755 965 823 Crates,
996 753 1074 832 quod
1102 770 1161 812 non
1184 752 1305 830 dispicio
1332 771 1390 812 cur

206 841 227 913 ι·
268 867 421 944 negauerit
441 865 559 924 Nitzsch
590 865 620 924 in
642 864 769 925 Hallens.
799 864 885 925 litter.
910 865 1025 942 epham.
1053 863 1148 932 1831,
1172 881 1199 941 p.
1227 861 1295 924 1113.
1341 863 1389 922 An

269 979 355 1037 etiam
384 977 477 1053 magis
505 973 691 1053 allegoricam
714 975 869 1036 desideras
891 976 1163 1052 interpretationem
1179 987 1278 1050 *quam
1304 972 1389 1033 illam

268 1105 357 1166 qnam
385 1085 504 1145 indulsit
538 1085 593 1145 sibi
624 1087 833 1162 grammaticus
865 1085 901 1145 ad
930 1085 964 1144 A
983 1085 1023 1146 32
1053 1083 1277 1168 explicandum?
1314 1084 1389 1161 quid

189 1183 191 1186 ⁵
269 1196 347 1275 qnod
369 1196 406 1256 ad
427 1216 449 1274 μ
475 1194 515 1256 62
536 1194 696 1256 hariolatus
719 1191 789 1275 est2)
813 1195 959 1255 ambrosia
978 1195 1042 1254 Ioui
1060 1213 1077 1254 a
1094 1193 1271 1254 pleiadibus
1290 1191 1389 1252 delata

269 1306 425 1384 significari
447 1323 553 1384 aquam
587 1305 656 1364 solis
684 1305 915 1365 nutrimentum?
947 1323 1046 1365 nonne
1075 1305 1209 1382 agrmscis
1236 1303 1389 1363 hominem

269 1418 393 1476 stoicum
421 1417 471 1494 qui
498 1415 637 1492 placitum
666 1433 752 1476 suum
775 1415 876 1476 Iouem
904 1433 969 1475 esse
997 1411 1102 1484 solem,
1132 1414 1223 1475 solem
1251 1408 1391 1492 1100100111

270 1521 308 1587 ἐκ
329 1520 499 1604 &uidesne
519 1527 667 1603 marisque
690 1525 922 1586 exhalationibus
945 1525 982 1585 ali
997 1525 1045 1605 (cf.
1063 1525 1188 1586 Krische
1204 1523 1387 1598 theologum.

269 1654 298 1713 p.
316 1634 388 1716 386)
408 1635 500 1696 diuini
521 1642 625 1712 poetae
647 1635 747 1696 uerbis
769 1641 873 1714 argute
894 1633 1089 1715 101010011113)
1117 1635 1242 1707 Quidni?
1265 1641 1391 1712 apparet

270 1745 381 1806 scilieet
409 1745 545 1806 omnibns
575 1747 706 1806 numeris
734 1745 900 1806 absolutum
929 1747 1138 1824 philosophum
1167 1745 1291 1806 stoicum
1322 1763 1390 1804 esse

270 1856 452 1916 Maeonidam
468 1857 576 1934 quippe
595 1857 643 1934 qni
662 1857 823 1920 stoicorum
843 1863 881 1917 01
895 1857 1038 1934 dogmatis
1055 1856 1101 1936 (ci.
1117 1856 1241 1916 Krische
1256 1853 1387 1930 theolog.

269 1967 291 2036 l,
314 1955 438 2044 11:388.
484 1962 583 2026 Osann
604 1967 640 2026 ad
663 1966 783 2029 Cornut.
807 1985 835 2045 p.
853 1967 913 2028 236
931 1985 974 2046 sq.
1002 1967 1141 2028 Villoison
1157 1967 1286 2040 theolog.
1303 1965 1388 2044 phys.

270 2078 352 2138 stolo.
374 2095 403 2154 p.
420 2074 483 2137 429
498 2077 552 2156 sq.)
576 2077 717 2137 edisserat
727 2077 890 2156 Apollinem
912 2096 976 2138 esse
998 2077 1099 2147 solem,
1121 2078 1264 2142 lunonem
1287 2093 1390 2136 aerem

272 2165 425 2266 212391)
446 2187 606 2266 Iouemque
626 2185 743 2247 eoelum
771 2190 801 2248 T
813 2189 890 2258 357;
915 2190 984 2266 101111
1007 2190 1095 2250 ctiam
1118 2187 1222 2249 0193
1243 2186 1390 2249 subtiliter

269 2298 308 2357 de
330 2302 467 2374 quattuor
490 2287 640 2358 elementis
661 2299 853 2376 personisque
875 2317 891 2358 a
911 2299 955 2358 dis
977 2299 1013 2358 ad
1036 2315 1139 2359 eorum
1154 2304 1253 2376 partes
1268 2296 1389 2374 explen-

205 2465 209 2471 .
272 2407 324 2466 das
346 2407 490 2495 susceptis
516 2406 668 2485 disputans
693 2407 779 2486 plane
802 2411 907 2470 stoicas
930 2409 1061 2487 proferat
1083 2409 1235 2487 opiniones
1258 2407 1305 2487 (cl.
1329 2406 1389 2466 Vil-

271 2517 364 2578 loison
390 2515 473 2594 phys.
499 2515 626 2593 theolog.
650 2520 733 2578 010111.
755 2535 784 2596 p.
809 2519 880 2579 435.
900 2519 972 2580 514.
990 2521 1060 2581 515.
1085 2519 1105 2578 1.
1126 2519 1242 2598 Lipsius
1262 2517 1388 2597 physiol.

272 2628 353 2686 stoie.
381 2626 430 2686 lib.
455 2626 481 2686 ll
504 2627 570 2686 diss.
592 2628 644 2696 11,
679 2635 747 2688 torn.
770 2628 837 2697 llll,
867 2647 896 2706 0.
921 2629 983 2692 922
1003 2649 1045 2714 sq.
1069 2631 1114 2692 ed.
1137 2628 1230 2690 Vesal.
1256 2627 1389 2707 1675)5).

359 2848 383 2911 1)
403 2848 480 2910 Quod
499 2847 615 2896 stoicum
635 2863 695 2897 esse
714 2848 795 2899 docet
814 2848 976 2900 Cleomedes
994 2869 1020 2918 p.
1034 2852 1067 2900 74
1084 2850 1173 2900 Bake.

266 2923 271 2934 '
358 2931 384 2996 2)
403 2933 446 2981 Ea
465 2932 537 2980 enim
555 2947 626 3000 quae
643 2932 698 2982 huc
717 2949 750 2982 ex
768 2933 880 2984 scholiis
900 2935 1036 3001 adscripsi
1054 2952 1108 2986 non
1126 2939 1240 3000 possunt
1258 2949 1313 2984 non
1328 2950 1390 2984 esse

274 3017 416 3082 disputata
435 3031 451 3064 a
471 3015 583 3066 Cratete
603 3017 705 3082 qnippe
724 3035 803 3082 quem
822 3017 984 3078 Πελειάδας
995 3020 1125 3070 Pleiades
1144 3019 1299 3084 explicasse
1318 3019 1390 3068 seia-

272 3117 341 3152 mus.
376 3100 506 3151 Pleiades
525 3105 616 3150 autem
635 3117 720 3166 saepe
739 3119 799 3154 esse
813 3096 975 3162 Πελειάδας
993 3105 1083 3154 dictas
1101 3104 1194 3154 multis
1208 3105 1314 3154 conicio
1328 3120 1391 3153 enm

275 3188 435 3253 exposuisse
460 3190 487 3235 et
509 3189 621 3250 praeter
640 3185 712 3238 alios'
728 3189 878 3253 scriptores
897 3205 984 3254 aeque
1003 3195 1085 3254 atque
1104 3187 1297 3254 Aseldpiadem
1316 3190 1387 3252 Myr·

273 3272 384 3321 lcanum
407 3269 440 3319 de
465 3270 562 3319 eadem
585 3287 614 3320 re
639 3272 820 3322 disserentem
843 3271 890 3337 (cf.
917 3275 1006 3324 Lehrs
1025 3276 1059 3324 de
1078 3273 1244 3339 Asclepiade
1261 3272 1342 3336 Myrl.
1363 3290 1390 3338 p.

273 3355 334 3420 440)
369 3355 518 3404 Pindarum
542 3371 648 3420 quoque
671 3356 800 3407 laudasse
821 3359 932 3424 eiusque
951 3360 1038 3409 verba
1056 3360 1132 3410 Nem.
1151 3359 1187 3421 II,
1209 3355 1390 3408 161101000-

273 3428 385 3492 casione
404 3441 565 3490 correxisse.

358 3524 384 3589 3)
407 3525 494 3574 Nimis
512 3525 605 3574 tamen
623 3526 760 3577 uiolenter
777 3528 806 3576 in
823 3528 950 3578 Eustath.
969 3529 998 3577 in
1015 3527 1048 3576 Il.
1068 3527 1131 3590 475,
1150 3526 1184 3576 50
1207 3526 1311 3577 similia
1334 3531 1389 3576 tra-

164 3622 169 3631 '
274 3612 355 3660 dente
378 3626 427 3676 pro
450 3609 607 3660 Aristotelis
636 3613 744 3662 nomine
770 3613 890 3664 Cratetis
919 3613 1061 3663 substituit
1083 3612 1163 3662 Bake
1188 3611 1224 3660 ad
1249 3611 1390 3662 Cleomed.

251 3711 298 3764 “p.
318 3693 368 3746 335
386 3709 426 3760 sq.

358 3777 384 3842 4)
404 3779 575 3846 Quamquam
589 3783 660 3833 enim
672 3783 835 3836 Eustathius
848 3787 944 3848 suopte
964 3782 1100 3831 arbitratu
1120 3797 1154 3831 ea
1173 3797 1243 3846 quae
1262 3783 1291 3830 in
1310 3781 1390 3831 scho-

274 3873 320 3922 liis
344 3871 377 3921 de
399 3869 553 3937 Agathocle
577 3869 755 3933 perhibentur
779 3869 814 3917 ad
838 3867 978 3917 Cretatam
995 3867 1105 3916 uidetur
1122 3867 1271 3929 rettulisse,
1292 3866 1392 3916 eadem

276 3963 369 4007 tamen
387 3957 447 4006 1010
464 3955 510 4004 hie
527 3953 688 4020 probauerit
705 3967 819 4002 necesse
839 3957 889 4001 est.

335 4053 337 4058 '
360 4041 386 4104 5)
410 4039 582 4091 Sententiam
607 4037 728 4087 Cratetis
752 4037 882 4086 eomodo
906 4049 958 4100 quo
977 4035 1101 4084 mutilum
1120 4033 1252 4085 scholium
1270 4033 1294 4082 A
1311 4033 1344 4083 Il.
1367 4033 1392 4084 Ο

276 4127 324 4178 193
343 4126 468 4192 suppleui
486 4129 563 4176 reete
582 4123 801 4187 redintegratam
826 4137 887 4172 esse
904 4135 1024 4184 uereque
1044 4135 1078 4170 ea
1097 4135 1167 4185 quae
1186 4119 1216 4168 in
1234 4118 1349 4168 scholiis
1367 4119 1392 4168 V

276 4217 305 4262 et
328 4211 413 4260 ABD
434 4211 451 4260 l.
477 4225 498 4260 s.
523 4198 669 4273 disputata'
689 4210 751 4256 sunt
775 4205 810 4255 ad
834 4221 895 4256 eam
918 4205 1136 4256 resuscitandam
1158 4218 1239 4269 posse
1264 4201 1392 4252 adhiberi

276 4297 336 4348 sine
355 4295 413 4345 ulla
431 4294 604 4344 dubitatione
624 4290 827 4343 affirmauerim.
