<?xml version="1.0" encoding="UTF-8"?>
<!DOCTYPE html PUBLIC "-//W3C//DTD XHTML 1.0 Transitional//EN"
    "http://www.w3.org/TR/xhtml1/DTD/xhtml1-transitional.dtd">
<html xmlns="http://www.w3.org/1999/xhtml" xml:lang="en" lang="en">
 <head>
  <title>
</title>
<meta http-equiv="Content-Type" content="text/html;charset=utf-8" />
  <meta name='ocr-system' content='tesseract 3.04.00' />
  <meta name='ocr-capabilities' content='ocr_page ocr_carea ocr_par ocr_line ocrx_word'/>
</head>
<body>
  <div class='ocr_page' id='page_1' title='image "./decratetemallot00wachgoog_0012.png"; bbox 0 0 2950 5084; ppageno 0'>
   <div class='ocr_carea' id='block_1_1' title="bbox 35 1081 1261 4163">
    <p class='ocr_par' dir='ltr' id='par_1_1' title="bbox 35 1081 1261 3937">
     <span class='ocr_line' id='line_1_1' title="bbox 124 1081 1209 1182; baseline -0.005 -15"><span class='ocrx_word' id='word_1_1' title='bbox 124 1105 126 1108; x_wconf 71' lang='grc'>’</span> <span class='ocrx_word' id='word_1_2' title='bbox 189 1081 306 1167; x_wconf 78' lang='lat' dir='ltr'>Mirum</span> <span class='ocrx_word' id='word_1_3' title='bbox 329 1103 463 1162; x_wconf 80' lang='lat' dir='ltr'>fortunae</span> <span class='ocrx_word' id='word_1_4' title='bbox 486 1103 710 1162; x_wconf 74' lang='lat' dir='ltr'>inconstantiam</span> <span class='ocrx_word' id='word_1_5' title='bbox 735 1119 821 1160; x_wconf 88' lang='lat' dir='ltr'>nemo</span> <span class='ocrx_word' id='word_1_6' title='bbox 844 1101 927 1162; x_wconf 88' lang='lat' dir='ltr'>lacile</span> <span class='ocrx_word' id='word_1_7' title='bbox 956 1105 1049 1182; x_wconf 86' lang='lat' dir='ltr'>magis</span> <span class='ocrx_word' id='word_1_8' title='bbox 1071 1113 1209 1181; x_wconf 76' lang='lat' dir='ltr'>expertos</span> 
     </span>
     <span class='ocr_line' id='line_1_2' title="bbox 93 1181 1208 1293; baseline -0.001 -18"><span class='ocrx_word' id='word_1_9' title='bbox 93 1222 138 1275; x_wconf 88' lang='lat' dir='ltr'>est</span> <span class='ocrx_word' id='word_1_10' title='bbox 159 1233 245 1293; x_wconf 85' lang='lat' dir='ltr'>quam</span> <span class='ocrx_word' id='word_1_11' title='bbox 270 1213 399 1272; x_wconf 81' lang='lat' dir='ltr'>Crates</span> <span class='ocrx_word' id='word_1_12' title='bbox 422 1212 595 1272; x_wconf 81' lang='lat' dir='ltr'>Mallotes</span> <span class='ocrx_word' id='word_1_13' title='bbox 615 1181 873 1288; x_wconf 82' lang='lat' dir='ltr'>grammaticorum</span> <span class='ocrx_word' id='word_1_14' title='bbox 890 1214 1142 1292; x_wconf 77' lang='lat' dir='ltr'>Pergamenorum</span> <span class='ocrx_word' id='word_1_15' title='bbox 1158 1231 1208 1274; x_wconf 91' lang='lat' dir='ltr'>au·</span> 
     </span>
     <span class='ocr_line' id='line_1_3' title="bbox 86 1322 1208 1404; baseline 0 -20"><span class='ocrx_word' id='word_1_16' title='bbox 86 1333 157 1384; x_wconf 81' lang='lat' dir='ltr'>otor</span> <span class='ocrx_word' id='word_1_17' title='bbox 181 1331 267 1403; x_wconf 88' lang='lat' dir='ltr'>atque</span> <span class='ocrx_word' id='word_1_18' title='bbox 286 1325 433 1404; x_wconf 83' lang='lat' dir='ltr'>princeps</span> <span class='ocrx_word' id='word_1_19' title='bbox 479 1323 612 1401; x_wconf 85' lang='lat' dir='ltr'>Namque</span> <span class='ocrx_word' id='word_1_20' title='bbox 635 1341 702 1382; x_wconf 93' lang='lat' dir='ltr'>cum</span> <span class='ocrx_word' id='word_1_21' title='bbox 724 1322 1017 1400; x_wconf 71' lang='lat' dir='ltr'>aequalium&#39;imlicio</span> <span class='ocrx_word' id='word_1_22' title='bbox 1040 1326 1208 1402; x_wconf 87' lang='lat' dir='ltr'>grammati-</span> 
     </span>
     <span class='ocr_line' id='line_1_4' title="bbox 93 1433 1208 1512; baseline -0.002 -18"><span class='ocrx_word' id='word_1_23' title='bbox 93 1455 145 1495; x_wconf 89' lang='lat' dir='ltr'>cae</span> <span class='ocrx_word' id='word_1_24' title='bbox 175 1435 245 1494; x_wconf 90' lang='lat' dir='ltr'>artis</span> <span class='ocrx_word' id='word_1_25' title='bbox 273 1433 368 1512; x_wconf 92' lang='lat' dir='ltr'>palma</span> <span class='ocrx_word' id='word_1_26' title='bbox 395 1434 474 1493; x_wconf 84' lang='lat' dir='ltr'>iuxta</span> <span class='ocrx_word' id='word_1_27' title='bbox 494 1433 696 1492; x_wconf 72' lang='lat' dir='ltr'>Aristarchum</span> <span class='ocrx_word' id='word_1_28' title='bbox 725 1435 902 1494; x_wconf 88' lang='lat' dir='ltr'>acerrimum</span> <span class='ocrx_word' id='word_1_29' title='bbox 926 1434 1049 1494; x_wconf 86' lang='lat' dir='ltr'>Cratetis</span> <span class='ocrx_word' id='word_1_30' title='bbox 1071 1435 1208 1494; x_wconf 87' lang='lat' dir='ltr'>aduersa-</span> 
     </span>
     <span class='ocr_line' id='line_1_5' title="bbox 92 1542 1207 1624; baseline 0 -20"><span class='ocrx_word' id='word_1_31' title='bbox 92 1547 169 1604; x_wconf 90' lang='lat' dir='ltr'>rium</span> <span class='ocrx_word' id='word_1_32' title='bbox 197 1545 252 1622; x_wconf 90' lang='lat' dir='ltr'>ipsi</span> <span class='ocrx_word' id='word_1_33' title='bbox 278 1543 372 1604; x_wconf 89' lang='lat' dir='ltr'>delata</span> <span class='ocrx_word' id='word_1_34' title='bbox 396 1550 473 1604; x_wconf 85' lang='lat' dir='ltr'>esset</span> <span class='ocrx_word' id='word_1_35' title='bbox 493 1542 540 1620; x_wconf 80' lang='lat' dir='ltr'>(cl.</span> <span class='ocrx_word' id='word_1_36' title='bbox 565 1542 671 1603; x_wconf 89' lang='lat' dir='ltr'>Strabo</span> <span class='ocrx_word' id='word_1_37' title='bbox 693 1543 721 1611; x_wconf 98' lang='grc' dir='ltr'>Ι,</span> <span class='ocrx_word' id='word_1_38' title='bbox 745 1561 772 1622; x_wconf 89' lang='lat' dir='ltr'>p.</span> <span class='ocrx_word' id='word_1_39' title='bbox 797 1543 892 1614; x_wconf 69' lang='grc'><strong>300,</strong></span> <span class='ocrx_word' id='word_1_40' title='bbox 921 1545 974 1604; x_wconf 89' lang='lat' dir='ltr'>llio</span> <span class='ocrx_word' id='word_1_41' title='bbox 996 1545 1143 1624; x_wconf 86' lang='lat' dir='ltr'>Chrysost.</span> <span class='ocrx_word' id='word_1_42' title='bbox 1164 1563 1207 1604; x_wconf 92' lang='lat' dir='ltr'>or.</span> 
     </span>
     <span class='ocr_line' id='line_1_6' title="bbox 35 1653 1210 1733; baseline -0.001 -19"><span class='ocrx_word' id='word_1_43' title='bbox 35 1659 37 1662; x_wconf 82' lang='lat'>&#39;</span> <span class='ocrx_word' id='word_1_44' title='bbox 93 1655 172 1724; x_wconf 93' lang='lat' dir='ltr'>Llll‚</span> <span class='ocrx_word' id='word_1_45' title='bbox 194 1657 225 1733; x_wconf 89' lang='grc'>4,</span> <span class='ocrx_word' id='word_1_46' title='bbox 257 1655 362 1714; x_wconf 87' lang='lat' dir='ltr'>Sextus</span> <span class='ocrx_word' id='word_1_47' title='bbox 384 1653 468 1731; x_wconf 87' lang='lat' dir='ltr'>Emp.</span> <span class='ocrx_word' id='word_1_48' title='bbox 489 1654 557 1714; x_wconf 89' lang='lat' dir='ltr'>adu.</span> <span class='ocrx_word' id='word_1_49' title='bbox 581 1653 669 1712; x_wconf 91' lang='lat' dir='ltr'>math.</span> <span class='ocrx_word' id='word_1_50' title='bbox 693 1653 714 1722; x_wconf 95' lang='grc' dir='ltr'>Ι,</span> <span class='ocrx_word' id='word_1_51' title='bbox 737 1653 803 1733; x_wconf 87' lang='grc'>44),</span> <span class='ocrx_word' id='word_1_52' title='bbox 832 1656 1012 1731; x_wconf 85' lang='lat' dir='ltr'>posteriores</span> <span class='ocrx_word' id='word_1_53' title='bbox 1028 1655 1210 1732; x_wconf 88' lang='lat' dir='ltr'>grammatici</span> 
     </span>
     <span class='ocr_line' id='line_1_7' title="bbox 92 1757 1208 1841; baseline 0 -17"><span class='ocrx_word' id='word_1_54' title='bbox 92 1765 294 1825; x_wconf 81' lang='lat' dir='ltr'>Aristarchum</span> <span class='ocrx_word' id='word_1_55' title='bbox 315 1757 374 1823; x_wconf 84' lang='grc' dir='ltr'>τὸν</span> <span class='ocrx_word' id='word_1_56' title='bbox 392 1759 483 1823; x_wconf 79' lang='grc' dir='ltr'><em>πάνυ</em></span> <span class='ocrx_word' id='word_1_57' title='bbox 499 1763 534 1823; x_wconf 90' lang='lat' dir='ltr'>ad</span> <span class='ocrx_word' id='word_1_58' title='bbox 552 1781 643 1824; x_wconf 93' lang='lat' dir='ltr'>unum</span> <span class='ocrx_word' id='word_1_59' title='bbox 661 1781 763 1824; x_wconf 90' lang='lat' dir='ltr'>omnes</span> <span class='ocrx_word' id='word_1_60' title='bbox 782 1766 864 1841; x_wconf 87' lang='lat' dir='ltr'>quasi</span> <span class='ocrx_word' id='word_1_61' title='bbox 880 1766 966 1825; x_wconf 91' lang='lat' dir='ltr'>deum</span> <span class='ocrx_word' id='word_1_62' title='bbox 983 1766 1116 1826; x_wconf 87' lang='lat' dir='ltr'>admirati</span> <span class='ocrx_word' id='word_1_63' title='bbox 1139 1784 1208 1824; x_wconf 88' lang='lat' dir='ltr'>ron·</span> 
     </span>
     <span class='ocr_line' id='line_1_8' title="bbox 92 1873 1207 1958; baseline 0 -24"><span class='ocrx_word' id='word_1_64' title='bbox 92 1875 254 1953; x_wconf 91' lang='lat' dir='ltr'>sultiusque</span> <span class='ocrx_word' id='word_1_65' title='bbox 271 1874 403 1934; x_wconf 85' lang='lat' dir='ltr'>arbitrati</span> <span class='ocrx_word' id='word_1_66' title='bbox 420 1873 468 1933; x_wconf 94' lang='lat' dir='ltr'>illo</span> <span class='ocrx_word' id='word_1_67' title='bbox 487 1874 562 1934; x_wconf 87' lang='lat' dir='ltr'>duce</span> <span class='ocrx_word' id='word_1_68' title='bbox 582 1892 682 1934; x_wconf 87' lang='lat' dir='ltr'>errare</span> <span class='ocrx_word' id='word_1_69' title='bbox 703 1892 790 1952; x_wconf 83' lang='lat' dir='ltr'>qrram</span> <span class='ocrx_word' id='word_1_70' title='bbox 808 1883 911 1952; x_wconf 89' lang='lat' dir='ltr'>suapte</span> <span class='ocrx_word' id='word_1_71' title='bbox 929 1877 1038 1958; x_wconf 85' lang='lat' dir='ltr'>uirtute</span> <span class='ocrx_word' id='word_1_72' title='bbox 1054 1877 1207 1935; x_wconf 87' lang='lat' dir='ltr'>ueritatem</span> 
     </span>
     <span class='ocr_line' id='line_1_9' title="bbox 92 1983 1208 2063; baseline 0.002 -19"><span class='ocrx_word' id='word_1_73' title='bbox 92 1987 283 2061; x_wconf 89' lang='lat' dir='ltr'>inuestigare,</span> <span class='ocrx_word' id='word_1_74' title='bbox 312 1987 399 2044; x_wconf 89' lang='lat' dir='ltr'>istum</span> <span class='ocrx_word' id='word_1_75' title='bbox 432 1984 602 2063; x_wconf 91' lang='lat' dir='ltr'>uhicunquc</span> <span class='ocrx_word' id='word_1_76' title='bbox 624 1984 793 2044; x_wconf 79' lang='lat' dir='ltr'>Aristarcho</span> <span class='ocrx_word' id='word_1_77' title='bbox 824 1983 979 2045; x_wconf 87' lang='lat' dir='ltr'>oblocutus</span> <span class='ocrx_word' id='word_1_78' title='bbox 1008 1986 1062 2046; x_wconf 86' lang='lat' dir='ltr'>luit</span> <span class='ocrx_word' id='word_1_79' title='bbox 1085 2003 1208 2063; x_wconf 90' lang='lat' dir='ltr'>carpen-</span> 
     </span>
     <span class='ocr_line' id='line_1_10' title="bbox 92 2094 1207 2174; baseline 0.001 -20"><span class='ocrx_word' id='word_1_80' title='bbox 92 2096 162 2155; x_wconf 92' lang='lat' dir='ltr'>dum</span> <span class='ocrx_word' id='word_1_81' title='bbox 192 2095 246 2154; x_wconf 91' lang='lat' dir='ltr'>sibi</span> <span class='ocrx_word' id='word_1_82' title='bbox 273 2101 471 2172; x_wconf 89' lang='lat' dir='ltr'>sumpserunt.</span> <span class='ocrx_word' id='word_1_83' title='bbox 517 2095 593 2154; x_wconf 87' lang='lat' dir='ltr'>&#39;lum</span> <span class='ocrx_word' id='word_1_84' title='bbox 621 2101 686 2174; x_wconf 91' lang='lat' dir='ltr'>post</span> <span class='ocrx_word' id='word_1_85' title='bbox 715 2094 883 2155; x_wconf 87' lang='lat' dir='ltr'>diuturnam</span> <span class='ocrx_word' id='word_1_86' title='bbox 913 2095 1091 2155; x_wconf 88' lang='lat' dir='ltr'>obliuionem</span> <span class='ocrx_word' id='word_1_87' title='bbox 1118 2095 1207 2156; x_wconf 90' lang='lat' dir='ltr'>uehe-</span> 
     </span>
     <span class='ocr_line' id='line_1_11' title="bbox 91 2204 1208 2283; baseline -0.001 -18"><span class='ocrx_word' id='word_1_88' title='bbox 91 2207 271 2266; x_wconf 90' lang='lat' dir='ltr'>mentissime</span> <span class='ocrx_word' id='word_1_89' title='bbox 308 2211 351 2266; x_wconf 89' lang='lat' dir='ltr'>est</span> <span class='ocrx_word' id='word_1_90' title='bbox 381 2206 548 2283; x_wconf 88' lang='lat' dir='ltr'>increpatus</span> <span class='ocrx_word' id='word_1_91' title='bbox 585 2204 621 2264; x_wconf 91' lang='lat' dir='ltr'>ah</span> <span class='ocrx_word' id='word_1_92' title='bbox 661 2206 858 2280; x_wconf 79' lang='lat' dir='ltr'>antesignanis</span> <span class='ocrx_word' id='word_1_93' title='bbox 891 2205 1006 2266; x_wconf 87' lang='lat' dir='ltr'>duobus</span> <span class='ocrx_word' id='word_1_94' title='bbox 1045 2206 1208 2265; x_wconf 87' lang='lat' dir='ltr'>recentium</span> 
     </span>
     <span class='ocr_line' id='line_1_12' title="bbox 90 2313 1207 2392; baseline -0.001 -17"><span class='ocrx_word' id='word_1_95' title='bbox 90 2318 350 2392; x_wconf 85' lang='lat' dir='ltr'>grammaticorum</span> <span class='ocrx_word' id='word_1_96' title='bbox 382 2315 431 2374; x_wconf 89' lang='lat' dir='ltr'>Fr.</span> <span class='ocrx_word' id='word_1_97' title='bbox 462 2316 534 2392; x_wconf 90' lang='lat' dir='ltr'>Aug.</span> <span class='ocrx_word' id='word_1_98' title='bbox 565 2313 670 2374; x_wconf 89' lang='lat' dir='ltr'>Wollio</span> <span class='ocrx_word' id='word_1_99' title='bbox 708 2315 938 2392; x_wconf 89' lang='lat' dir='ltr'>prolegomenon</span> <span class='ocrx_word' id='word_1_100' title='bbox 975 2316 1030 2376; x_wconf 79' lang='lat' dir='ltr'>ad.</span> <span class='ocrx_word' id='word_1_101' title='bbox 1047 2315 1207 2375; x_wconf 90' lang='lat' dir='ltr'>Homerum</span> 
     </span>
     <span class='ocr_line' id='line_1_13' title="bbox 91 2425 1216 2505; baseline -0.002 -19"><span class='ocrx_word' id='word_1_102' title='bbox 91 2445 119 2505; x_wconf 89' lang='lat' dir='ltr'>p.</span> <span class='ocrx_word' id='word_1_103' title='bbox 137 2425 295 2486; x_wconf 82' lang='lat' dir='ltr'>CCLXXVl</span> <span class='ocrx_word' id='word_1_104' title='bbox 318 2444 361 2504; x_wconf 89' lang='lat' dir='ltr'>sq.</span> <span class='ocrx_word' id='word_1_105' title='bbox 386 2433 414 2486; x_wconf 89' lang='lat' dir='ltr'>ct</span> <span class='ocrx_word' id='word_1_106' title='bbox 433 2425 553 2486; x_wconf 88' lang='lat' dir='ltr'>Godolr.</span> <span class='ocrx_word' id='word_1_107' title='bbox 575 2426 744 2486; x_wconf 85' lang='lat' dir='ltr'>Hermanno</span> <span class='ocrx_word' id='word_1_108' title='bbox 767 2444 867 2504; x_wconf 89' lang='lat' dir='ltr'>opusc.</span> <span class='ocrx_word' id='word_1_109' title='bbox 885 2425 933 2495; x_wconf 86' lang='grc' dir='ltr'><strong>ΙΙΙ,</strong></span> <span class='ocrx_word' id='word_1_110' title='bbox 955 2444 984 2503; x_wconf 89' lang='lat' dir='ltr'>p.</span> <span class='ocrx_word' id='word_1_111' title='bbox 1004 2425 1081 2495; x_wconf 76' lang='lat'><strong>272,</strong></span> <span class='ocrx_word' id='word_1_112' title='bbox 1107 2434 1216 2504; x_wconf 87' lang='lat' dir='ltr'>postea·</span> 
     </span>
     <span class='ocr_line' id='line_1_14' title="bbox 90 2533 1207 2616; baseline -0.002 -20"><span class='ocrx_word' id='word_1_113' title='bbox 90 2557 105 2596; x_wconf 91' lang='lat' dir='ltr'>a</span> <span class='ocrx_word' id='word_1_114' title='bbox 123 2537 245 2596; x_wconf 90' lang='lat' dir='ltr'>Lehrsio</span> <span class='ocrx_word' id='word_1_115' title='bbox 268 2536 427 2596; x_wconf 90' lang='lat' dir='ltr'>Aristarch.</span> <span class='ocrx_word' id='word_1_116' title='bbox 447 2555 475 2616; x_wconf 88' lang='lat' dir='ltr'>p.</span> <span class='ocrx_word' id='word_1_117' title='bbox 501 2533 563 2597; x_wconf 77' lang='grc'>246</span> <span class='ocrx_word' id='word_1_118' title='bbox 582 2543 611 2596; x_wconf 87' lang='lat' dir='ltr'>et</span> <span class='ocrx_word' id='word_1_119' title='bbox 633 2537 669 2596; x_wconf 92' lang='lat' dir='ltr'>de</span> <span class='ocrx_word' id='word_1_120' title='bbox 685 2535 854 2616; x_wconf 86' lang='lat' dir='ltr'>Asclepiade</span> <span class='ocrx_word' id='word_1_121' title='bbox 875 2535 957 2615; x_wconf 79' lang='lat' dir='ltr'>Myrl.</span> <span class='ocrx_word' id='word_1_122' title='bbox 978 2555 1006 2616; x_wconf 91' lang='lat' dir='ltr'>p.</span> <span class='ocrx_word' id='word_1_123' title='bbox 1026 2536 1087 2597; x_wconf 88' lang='grc'>434</span> <span class='ocrx_word' id='word_1_124' title='bbox 1110 2537 1207 2596; x_wconf 89' lang='lat' dir='ltr'>Lueh-</span> 
     </span>
     <span class='ocr_line' id='line_1_15' title="bbox 89 2647 1207 2726; baseline 0 -20"><span class='ocrx_word' id='word_1_125' title='bbox 89 2647 245 2726; x_wconf 88' lang='lat' dir='ltr'>hertioquc</span> <span class='ocrx_word' id='word_1_126' title='bbox 265 2666 341 2721; x_wconf 84' lang='lat' dir='ltr'>„zur</span> <span class='ocrx_word' id='word_1_127' title='bbox 356 2647 589 2706; x_wconf 73' lang='lat' dir='ltr'>chorahterista&#39;lr</span> <span class='ocrx_word' id='word_1_128' title='bbox 604 2648 656 2706; x_wconf 82' lang='lat' dir='ltr'>des</span> <span class='ocrx_word' id='word_1_129' title='bbox 671 2648 783 2706; x_wconf 71' lang='lat' dir='ltr'>[frates</span> <span class='ocrx_word' id='word_1_130' title='bbox 803 2663 858 2706; x_wconf 85' lang='lat' dir='ltr'>voa</span> <span class='ocrx_word' id='word_1_131' title='bbox 877 2647 996 2708; x_wconf 81' lang='lat' dir='ltr'>Mallos.</span> <span class='ocrx_word' id='word_1_132' title='bbox 1029 2650 1077 2707; x_wconf 79' lang='lat' dir='ltr'>ein</span> <span class='ocrx_word' id='word_1_133' title='bbox 1094 2648 1207 2707; x_wconf 83' lang='lat' dir='ltr'>bruch-</span> 
     </span>
     <span class='ocr_line' id='line_1_16' title="bbox 89 2755 1206 2836; baseline -0.001 -19"><span class='ocrx_word' id='word_1_134' title='bbox 89 2759 195 2817; x_wconf 61' lang='lat' dir='ltr'>sutem</span> <span class='ocrx_word' id='word_1_135' title='bbox 217 2758 246 2816; x_wconf 96' lang='lat' dir='ltr'>in</span> <span class='ocrx_word' id='word_1_136' title='bbox 268 2775 347 2817; x_wconf 93' lang='lat' dir='ltr'>nouo</span> <span class='ocrx_word' id='word_1_137' title='bbox 362 2775 464 2817; x_wconf 92' lang='lat' dir='ltr'>museo</span> <span class='ocrx_word' id='word_1_138' title='bbox 481 2755 574 2816; x_wconf 90' lang='lat' dir='ltr'>Rhen.</span> <span class='ocrx_word' id='word_1_139' title='bbox 598 2755 654 2825; x_wconf 85' lang='grc' dir='ltr'>ΧΙ,</span> <span class='ocrx_word' id='word_1_140' title='bbox 678 2774 707 2834; x_wconf 90' lang='lat' dir='ltr'>p.</span> <span class='ocrx_word' id='word_1_141' title='bbox 732 2755 809 2826; x_wconf 87' lang='grc'>438,</span> <span class='ocrx_word' id='word_1_142' title='bbox 833 2763 935 2836; x_wconf 93' lang='lat' dir='ltr'>utpote</span> <span class='ocrx_word' id='word_1_143' title='bbox 957 2757 1119 2817; x_wconf 89' lang='lat' dir='ltr'>aduersarii</span> <span class='ocrx_word' id='word_1_144' title='bbox 1142 2757 1206 2816; x_wconf 94' lang='lat' dir='ltr'>Ari·</span> 
     </span>
     <span class='ocr_line' id='line_1_17' title="bbox 90 2865 1205 2946; baseline 0 -20"><span class='ocrx_word' id='word_1_145' title='bbox 90 2867 201 2926; x_wconf 91' lang='lat' dir='ltr'>starchi</span> <span class='ocrx_word' id='word_1_146' title='bbox 229 2866 402 2928; x_wconf 84' lang='lat' dir='ltr'>satellitibus</span> <span class='ocrx_word' id='word_1_147' title='bbox 436 2873 523 2946; x_wconf 90' lang='lat' dir='ltr'>atque</span> <span class='ocrx_word' id='word_1_148' title='bbox 552 2867 684 2936; x_wconf 81' lang='lat' dir='ltr'>assertio,</span> <span class='ocrx_word' id='word_1_149' title='bbox 719 2866 891 2927; x_wconf 88' lang='lat' dir='ltr'>clementius</span> <span class='ocrx_word' id='word_1_150' title='bbox 919 2885 991 2928; x_wconf 88' lang='lat' dir='ltr'>uero</span> <span class='ocrx_word' id='word_1_151' title='bbox 1019 2865 1159 2927; x_wconf 89' lang='lat' dir='ltr'>tractatus</span> <span class='ocrx_word' id='word_1_152' title='bbox 1191 2885 1205 2926; x_wconf 91' lang='lat' dir='ltr'>a</span> 
     </span>
     <span class='ocr_line' id='line_1_18' title="bbox 92 2975 1206 3056; baseline 0.003 -22"><span class='ocrx_word' id='word_1_153' title='bbox 92 2976 245 3037; x_wconf 84' lang='lat' dir='ltr'>Welchero</span> <span class='ocrx_word' id='word_1_154' title='bbox 261 2979 359 3038; x_wconf 74' lang='lat' dir='ltr'>hlaine</span> <span class='ocrx_word' id='word_1_155' title='bbox 374 2978 521 3050; x_wconf 80' lang='lat' dir='ltr'>schristea</span> <span class='ocrx_word' id='word_1_156' title='bbox 539 2977 574 3046; x_wconf 88' lang='grc' dir='ltr'>ΙΙ,</span> <span class='ocrx_word' id='word_1_157' title='bbox 591 2995 620 3055; x_wconf 92' lang='lat' dir='ltr'>p.</span> <span class='ocrx_word' id='word_1_158' title='bbox 637 2975 677 3037; x_wconf 86' lang='grc'>48</span> <span class='ocrx_word' id='word_1_159' title='bbox 694 2995 737 3056; x_wconf 86' lang='lat' dir='ltr'>sq.</span> <span class='ocrx_word' id='word_1_160' title='bbox 751 2979 812 3054; x_wconf 78' lang='lat' dir='ltr'>(die</span> <span class='ocrx_word' id='word_1_161' title='bbox 827 2979 1029 3038; x_wconf 80' lang='lat' dir='ltr'>homerischen</span> <span class='ocrx_word' id='word_1_162' title='bbox 1046 2979 1206 3038; x_wconf 75' lang='lat' dir='ltr'>Phoenicen</span> 
     </span>
     <span class='ocr_line' id='line_1_19' title="bbox 85 3081 1206 3166; baseline 0 -19"><span class='ocrx_word' id='word_1_163' title='bbox 85 3081 155 3147; x_wconf 75' lang='lat' dir='ltr'>hod</span> <span class='ocrx_word' id='word_1_164' title='bbox 177 3091 224 3148; x_wconf 83' lang='lat' dir='ltr'>die</span> <span class='ocrx_word' id='word_1_165' title='bbox 253 3091 348 3148; x_wconf 65' lang='lat' dir='ltr'>roseln</span> <span class='ocrx_word' id='word_1_166' title='bbox 377 3090 432 3148; x_wconf 82' lang='lat' dir='ltr'>der</span> <span class='ocrx_word' id='word_1_167' title='bbox 458 3091 595 3166; x_wconf 71' lang='lat' dir='ltr'>scirpeo),</span> <span class='ocrx_word' id='word_1_168' title='bbox 624 3087 772 3148; x_wconf 87' lang='lat' dir='ltr'>Nitzschio</span> <span class='ocrx_word' id='word_1_169' title='bbox 795 3089 825 3146; x_wconf 93' lang='lat' dir='ltr'>in</span> <span class='ocrx_word' id='word_1_170' title='bbox 845 3086 946 3166; x_wconf 83' lang='lat' dir='ltr'>Odyss</span> <span class='ocrx_word' id='word_1_171' title='bbox 968 3107 997 3148; x_wconf 84' lang='grc' dir='ltr'>κ.</span> <span class='ocrx_word' id='word_1_172' title='bbox 1019 3087 1058 3150; x_wconf 78' lang='lat'>82</span> <span class='ocrx_word' id='word_1_173' title='bbox 1081 3106 1109 3166; x_wconf 94' lang='lat' dir='ltr'>p.</span> <span class='ocrx_word' id='word_1_174' title='bbox 1139 3088 1206 3158; x_wconf 86' lang='grc'>1115,</span> 
     </span>
     <span class='ocr_line' id='line_1_20' title="bbox 90 3197 1207 3279; baseline 0.002 -23"><span class='ocrx_word' id='word_1_175' title='bbox 90 3198 254 3258; x_wconf 89' lang='lat' dir='ltr'>hluetzellio</span> <span class='ocrx_word' id='word_1_176' title='bbox 274 3199 310 3258; x_wconf 92' lang='lat' dir='ltr'>de</span> <span class='ocrx_word' id='word_1_177' title='bbox 331 3198 514 3258; x_wconf 86' lang='lat' dir='ltr'>emendanda</span> <span class='ocrx_word' id='word_1_178' title='bbox 534 3198 632 3274; x_wconf 87' lang='lat' dir='ltr'>theog.</span> <span class='ocrx_word' id='word_1_179' title='bbox 655 3198 772 3258; x_wconf 78' lang='lat' dir='ltr'>hesiod.</span> <span class='ocrx_word' id='word_1_180' title='bbox 794 3217 822 3279; x_wconf 90' lang='lat' dir='ltr'>p.</span> <span class='ocrx_word' id='word_1_181' title='bbox 841 3197 902 3258; x_wconf 79' lang='lat'>285</span> <span class='ocrx_word' id='word_1_182' title='bbox 924 3197 1148 3278; x_wconf 86' lang='lat' dir='ltr'>Wegeneroque</span> <span class='ocrx_word' id='word_1_183' title='bbox 1171 3199 1207 3258; x_wconf 89' lang='lat' dir='ltr'>dc</span> 
     </span>
     <span class='ocr_line' id='line_1_21' title="bbox 89 3307 1205 3388; baseline 0 -20"><span class='ocrx_word' id='word_1_184' title='bbox 89 3307 156 3368; x_wconf 90' lang='lat' dir='ltr'>aula</span> <span class='ocrx_word' id='word_1_185' title='bbox 181 3308 302 3368; x_wconf 84' lang='lat' dir='ltr'>Attalica</span> <span class='ocrx_word' id='word_1_186' title='bbox 323 3327 351 3388; x_wconf 89' lang='lat' dir='ltr'>p.</span> <span class='ocrx_word' id='word_1_187' title='bbox 370 3309 428 3368; x_wconf 90' lang='grc'>114</span> <span class='ocrx_word' id='word_1_188' title='bbox 453 3327 511 3386; x_wconf 89' lang='lat' dir='ltr'>sq.;</span> <span class='ocrx_word' id='word_1_189' title='bbox 535 3309 661 3387; x_wconf 89' lang='lat' dir='ltr'>denique</span> <span class='ocrx_word' id='word_1_190' title='bbox 681 3316 785 3369; x_wconf 87' lang='lat' dir='ltr'>nactus</span> <span class='ocrx_word' id='word_1_191' title='bbox 808 3316 853 3370; x_wconf 88' lang='lat' dir='ltr'>ost</span> <span class='ocrx_word' id='word_1_192' title='bbox 871 3309 1040 3369; x_wconf 79' lang='lat' dir='ltr'>futurorum</span> <span class='ocrx_word' id='word_1_193' title='bbox 1059 3309 1205 3369; x_wconf 89' lang='lat' dir='ltr'>honorum</span> 
     </span>
     <span class='ocr_line' id='line_1_22' title="bbox 91 3418 1206 3499; baseline 0 -21"><span class='ocrx_word' id='word_1_194' title='bbox 91 3426 189 3479; x_wconf 90' lang='lat' dir='ltr'>uatem</span> <span class='ocrx_word' id='word_1_195' title='bbox 209 3418 347 3480; x_wconf 86' lang='lat' dir='ltr'>Vaterum</span> <span class='ocrx_word' id='word_1_196' title='bbox 369 3420 398 3478; x_wconf 96' lang='lat' dir='ltr'>in</span> <span class='ocrx_word' id='word_1_197' title='bbox 418 3419 511 3480; x_wconf 89' lang='lat' dir='ltr'>lahnii</span> <span class='ocrx_word' id='word_1_198' title='bbox 534 3419 630 3479; x_wconf 81' lang='lat' dir='ltr'>artnal.</span> <span class='ocrx_word' id='word_1_199' title='bbox 654 3419 750 3497; x_wconf 88' lang='lat' dir='ltr'>suppl.</span> <span class='ocrx_word' id='word_1_200' title='bbox 769 3419 823 3480; x_wconf 95' lang='grc' dir='ltr'><strong>ΙΙΙΙ</strong></span> <span class='ocrx_word' id='word_1_201' title='bbox 847 3418 949 3499; x_wconf 87' lang='grc'>(1836)</span> <span class='ocrx_word' id='word_1_202' title='bbox 972 3438 1000 3496; x_wconf 92' lang='lat' dir='ltr'>p.</span> <span class='ocrx_word' id='word_1_203' title='bbox 1018 3419 1047 3488; x_wconf 82' lang='grc'>9,</span> <span class='ocrx_word' id='word_1_204' title='bbox 1070 3421 1140 3498; x_wconf 92' lang='lat' dir='ltr'>quin</span> <span class='ocrx_word' id='word_1_205' title='bbox 1158 3421 1206 3497; x_wconf 82' lang='lat' dir='ltr'>qui</span> 
     </span>
     <span class='ocr_line' id='line_1_23' title="bbox 89 3525 1261 3608; baseline 0.001 -21"><span class='ocrx_word' id='word_1_206' title='bbox 89 3535 152 3588; x_wconf 89' lang='lat' dir='ltr'>loto</span> <span class='ocrx_word' id='word_1_207' title='bbox 175 3547 301 3606; x_wconf 88' lang='lat' dir='ltr'>corpore</span> <span class='ocrx_word' id='word_1_208' title='bbox 329 3536 417 3606; x_wconf 86' lang='lat' dir='ltr'>atque</span> <span class='ocrx_word' id='word_1_209' title='bbox 435 3529 571 3589; x_wconf 86' lang='lat' dir='ltr'>omnihus</span> <span class='ocrx_word' id='word_1_210' title='bbox 594 3529 759 3607; x_wconf 82' lang='lat' dir='ltr'>unguiculis</span> <span class='ocrx_word' id='word_1_211' title='bbox 781 3537 813 3588; x_wconf 90' lang='lat' dir='ltr'>ut</span> <span class='ocrx_word' id='word_1_212' title='bbox 836 3530 937 3592; x_wconf 89' lang='lat' dir='ltr'>dicunt</span> <span class='ocrx_word' id='word_1_213' title='bbox 958 3548 1014 3606; x_wconf 91' lang='lat' dir='ltr'>pro</span> <span class='ocrx_word' id='word_1_214' title='bbox 1036 3531 1100 3608; x_wconf 90' lang='lat' dir='ltr'>ipso</span> <span class='ocrx_word' id='word_1_215' title='bbox 1122 3529 1206 3588; x_wconf 88' lang='lat' dir='ltr'>dimi·</span> <span class='ocrx_word' id='word_1_216' title='bbox 1257 3525 1261 3534; x_wconf 80' lang='grc'><em>’</em></span> 
     </span>
     <span class='ocr_line' id='line_1_24' title="bbox 90 3638 1204 3718; baseline 0 -20"><span class='ocrx_word' id='word_1_217' title='bbox 90 3646 174 3699; x_wconf 87' lang='lat' dir='ltr'>caret</span> <span class='ocrx_word' id='word_1_218' title='bbox 202 3645 358 3718; x_wconf 90' lang='lat' dir='ltr'>patronum</span> <span class='ocrx_word' id='word_1_219' title='bbox 388 3641 523 3716; x_wconf 89' lang='lat' dir='ltr'>quamuis</span> <span class='ocrx_word' id='word_1_220' title='bbox 550 3641 619 3700; x_wconf 85' lang='lat' dir='ltr'>satis</span> <span class='ocrx_word' id='word_1_221' title='bbox 645 3641 846 3716; x_wconf 91' lang='lat' dir='ltr'>importunum</span> <span class='ocrx_word' id='word_1_222' title='bbox 869 3639 978 3698; x_wconf 87' lang='lat' dir='ltr'>Bernh.</span> <span class='ocrx_word' id='word_1_223' title='bbox 1001 3638 1204 3698; x_wconf 83' lang='lat' dir='ltr'>&#39;llrierschium</span> 
     </span>
     <span class='ocr_line' id='line_1_25' title="bbox 88 3735 1203 3826; baseline -0.004 -16"><span class='ocrx_word' id='word_1_224' title='bbox 88 3752 180 3810; x_wconf 84' lang='lat' dir='ltr'>ueher</span> <span class='ocrx_word' id='word_1_225' title='bbox 203 3752 259 3810; x_wconf 86' lang='lat' dir='ltr'>dos</span> <span class='ocrx_word' id='word_1_226' title='bbox 279 3753 415 3810; x_wconf 75' lang='lat' dir='ltr'>zeitulter</span> <span class='ocrx_word' id='word_1_227' title='bbox 432 3735 496 3810; x_wconf 82' lang='lat' dir='ltr'>und</span> <span class='ocrx_word' id='word_1_228' title='bbox 516 3752 676 3810; x_wconf 73' lang='lat' dir='ltr'>osterluod</span> <span class='ocrx_word' id='word_1_229' title='bbox 701 3750 884 3809; x_wconf 77' lang='lat' dir='ltr'>desHomer</span> <span class='ocrx_word' id='word_1_230' title='bbox 908 3749 953 3808; x_wconf 90' lang='lat' dir='ltr'>ed.</span> <span class='ocrx_word' id='word_1_231' title='bbox 976 3747 1022 3808; x_wconf 88' lang='lat' dir='ltr'>alt.</span> <span class='ocrx_word' id='word_1_232' title='bbox 1046 3767 1074 3826; x_wconf 91' lang='lat' dir='ltr'>p.</span> <span class='ocrx_word' id='word_1_233' title='bbox 1101 3749 1138 3809; x_wconf 83' lang='grc'>19</span> <span class='ocrx_word' id='word_1_234' title='bbox 1160 3765 1203 3825; x_wconf 82' lang='lat' dir='ltr'>sq.</span> 
     </span>
     <span class='ocr_line' id='line_1_26' title="bbox 89 3859 1009 3937; baseline -0.003 -16"><span class='ocrx_word' id='word_1_235' title='bbox 89 3861 167 3921; x_wconf 89' lang='lat' dir='ltr'>Ecce</span> <span class='ocrx_word' id='word_1_236' title='bbox 190 3878 295 3922; x_wconf 91' lang='lat' dir='ltr'>rursus</span> <span class='ocrx_word' id='word_1_237' title='bbox 320 3859 450 3921; x_wconf 88' lang='lat' dir='ltr'>misellus</span> <span class='ocrx_word' id='word_1_238' title='bbox 472 3861 680 3937; x_wconf 86' lang='lat' dir='ltr'>grammaticus</span> <span class='ocrx_word' id='word_1_239' title='bbox 702 3866 825 3920; x_wconf 91' lang='lat' dir='ltr'>uocatur</span> <span class='ocrx_word' id='word_1_240' title='bbox 843 3860 878 3920; x_wconf 91' lang='lat' dir='ltr'>ad</span> <span class='ocrx_word' id='word_1_241' title='bbox 901 3867 1009 3937; x_wconf 87' lang='lat' dir='ltr'>partes.</span> 
     </span>
    </p>

    <p class='ocr_par' dir='ltr' id='par_1_2' title="bbox 89 3970 1254 4163">
     <span class='ocr_line' id='line_1_27' title="bbox 176 3970 1254 4058; baseline -0.004 -28"><span class='ocrx_word' id='word_1_242' title='bbox 176 3972 271 4030; x_wconf 78' lang='lat' dir='ltr'>l&#39;auca</span> <span class='ocrx_word' id='word_1_243' title='bbox 299 3977 368 4030; x_wconf 89' lang='lat' dir='ltr'>sunt</span> <span class='ocrx_word' id='word_1_244' title='bbox 395 3991 470 4049; x_wconf 88' lang='lat' dir='ltr'>quae</span> <span class='ocrx_word' id='word_1_245' title='bbox 498 3971 655 4031; x_wconf 89' lang='lat' dir='ltr'>traduntur</span> <span class='ocrx_word' id='word_1_246' title='bbox 682 3970 718 4032; x_wconf 88' lang='lat' dir='ltr'>dc</span> <span class='ocrx_word' id='word_1_247' title='bbox 747 3972 825 4030; x_wconf 86' lang='lat' dir='ltr'>uita</span> <span class='ocrx_word' id='word_1_248' title='bbox 853 3971 1033 4039; x_wconf 82' lang='lat' dir='ltr'>Cratetis3</span> <span class='ocrx_word' id='word_1_249' title='bbox 1067 3989 1101 4030; x_wconf 88' lang='lat' dir='ltr'>ea</span> <span class='ocrx_word' id='word_1_250' title='bbox 1129 3987 1205 4046; x_wconf 86' lang='lat' dir='ltr'>quae</span> <span class='ocrx_word' id='word_1_251' title='bbox 1252 4052 1254 4058; x_wconf 17' lang='grc' dir='ltr'><strong><em>Α</em></strong></span> 
     </span>
     <span class='ocr_line' id='line_1_28' title="bbox 89 4078 952 4163; baseline -0.001 -23"><span class='ocrx_word' id='word_1_252' title='bbox 89 4087 215 4140; x_wconf 88' lang='lat' dir='ltr'>aetatem</span> <span class='ocrx_word' id='word_1_253' title='bbox 236 4079 368 4140; x_wconf 88' lang='lat' dir='ltr'>tulerunt</span> <span class='ocrx_word' id='word_1_254' title='bbox 390 4083 554 4141; x_wconf 89' lang='lat' dir='ltr'>testimonia</span> <span class='ocrx_word' id='word_1_255' title='bbox 576 4083 652 4141; x_wconf 89' lang='lat' dir='ltr'>inira</span> <span class='ocrx_word' id='word_1_256' title='bbox 674 4082 777 4158; x_wconf 85' lang='lat' dir='ltr'>scripsi</span> <span class='ocrx_word' id='word_1_257' title='bbox 799 4078 952 4163; x_wconf 81' lang='lat' dir='ltr'>integra¹).</span> 
     </span>
    </p>
   </div>
   <div class='ocr_carea' id='block_1_2' title="bbox 177 4261 1204 4331">
    <p class='ocr_par' dir='ltr' id='par_1_3' title="bbox 177 4261 1204 4331">
     <span class='ocr_line' id='line_1_29' title="bbox 177 4261 1204 4331; baseline -0.004 -15"><span class='ocrx_word' id='word_1_258' title='bbox 177 4267 202 4330; x_wconf 89' lang='lat' dir='ltr'>l)</span> <span class='ocrx_word' id='word_1_259' title='bbox 227 4265 281 4316; x_wconf 85' lang='lat' dir='ltr'>Sed</span> <span class='ocrx_word' id='word_1_260' title='bbox 300 4283 316 4316; x_wconf 85' lang='lat' dir='ltr'>a</span> <span class='ocrx_word' id='word_1_261' title='bbox 336 4283 387 4331; x_wconf 91' lang='lat' dir='ltr'>quo</span> <span class='ocrx_word' id='word_1_262' title='bbox 407 4265 523 4316; x_wconf 76' lang='lat' dir='ltr'>Classen</span> <span class='ocrx_word' id='word_1_263' title='bbox 542 4267 575 4316; x_wconf 88' lang='lat' dir='ltr'>de</span> <span class='ocrx_word' id='word_1_264' title='bbox 594 4267 720 4331; x_wconf 89' lang='lat' dir='ltr'>primord.</span> <span class='ocrx_word' id='word_1_265' title='bbox 742 4267 891 4317; x_wconf 83' lang='lat' dir='ltr'>Grammat.</span> <span class='ocrx_word' id='word_1_266' title='bbox 907 4265 953 4314; x_wconf 87' lang='lat' dir='ltr'>Gr.</span> <span class='ocrx_word' id='word_1_267' title='bbox 972 4281 998 4330; x_wconf 90' lang='lat' dir='ltr'>p.</span> <span class='ocrx_word' id='word_1_268' title='bbox 1012 4263 1046 4314; x_wconf 81' lang='grc'>79</span> <span class='ocrx_word' id='word_1_269' title='bbox 1065 4261 1204 4315; x_wconf 82' lang='lat' dir='ltr'>Cratetem</span> 
     </span>
    </p>
   </div>
   <div class='ocr_carea' id='block_1_3' title="bbox 89 4349 1124 4496">
    <p class='ocr_par' dir='ltr' id='par_1_4' title="bbox 89 4349 1124 4496">
     <span class='ocr_line' id='line_1_30' title="bbox 89 4349 1124 4417; baseline -0.005 -15"><span class='ocrx_word' id='word_1_270' title='bbox 89 4351 227 4417; x_wconf 86' lang='lat' dir='ltr'>Diogenis</span> <span class='ocrx_word' id='word_1_271' title='bbox 246 4351 394 4414; x_wconf 84' lang='lat' dir='ltr'>Babylonii</span> <span class='ocrx_word' id='word_1_272' title='bbox 413 4351 498 4401; x_wconf 86' lang='lat' dir='ltr'>fuisse</span> <span class='ocrx_word' id='word_1_273' title='bbox 517 4351 680 4416; x_wconf 84' lang='lat' dir='ltr'>discipulum</span> <span class='ocrx_word' id='word_1_274' title='bbox 699 4351 839 4416; x_wconf 84' lang='lat' dir='ltr'>acceperit</span> <span class='ocrx_word' id='word_1_275' title='bbox 856 4365 965 4415; x_wconf 86' lang='lat' dir='ltr'>prorsus</span> <span class='ocrx_word' id='word_1_276' title='bbox 983 4365 1026 4398; x_wconf 90' lang='lat' dir='ltr'>me</span> <span class='ocrx_word' id='word_1_277' title='bbox 1046 4349 1124 4414; x_wconf 84' lang='lat' dir='ltr'>fugit.</span> 
     </span>
     <span class='ocr_line' id='line_1_31' title="bbox 963 4433 1002 4496; baseline 0 -24"><span class='ocrx_word' id='word_1_278' title='bbox 963 4433 1002 4496; x_wconf 78' lang='lat' dir='ltr'>l*</span> 
     </span>
    </p>
   </div>
   <div class='ocr_carea' id='block_1_4' title="bbox 0 0 1480 5084">
    <p class='ocr_par' dir='ltr' id='par_1_5' title="bbox 0 0 1480 5084">
     <span class='ocr_line' id='line_1_32' title="bbox 0 0 1480 5084; baseline 0 1"><span class='ocrx_word' id='word_1_279' title='bbox 0 0 1480 5084; x_wconf 95' lang='lat' dir='ltr'> </span> 
     </span>
    </p>
   </div>
  </div>
 </body>
</html>
