2950 5084
549 230 699 320 Αι-

149 428 170 468 κ
194 408 263 469 1911.
303 407 368 468 νῦν
383 401 447 486 γάρ
464 408 494 488 (κ
515 406 795 491 19ος1921καᾶά
811 404 920 490 φησιν·
934 403 951 470 6
966 407 1100 492 Κράτης
1114 413 1183 474 τεόν

61 513 237 599 τεσσάρων
264 516 325 581 τού
347 513 659 600 κόσμουμέμνηται
687 519 800 601 μερῶν
829 515 955 600 ἄρκτου
977 521 1183 601 μεσημβρίας

62 623 231 706 ἀνατολῆς
253 621 309 688 καὶ
331 622 476 704 δύσεως,
500 623 585 710 ἄκερ
602 623 761 709 ἀλλήλας
773 624 810 704 ’ἐξ
833 625 1012 692 ἄντιθέτου
1035 625 1182 692 ἄντίκει»
1241 682 1244 689 .

62 758 116 798 ται
143 729 165 817 ἡ
188 733 251 816 μὲν
273 731 393 820 ἄρκτος
420 737 461 818 τῇ
488 738 694 822 μεσημβρίᾳ,
722 732 743 818 ἡ
771 737 810 802 δὲ
837 721 994 821 άνατολη
1011 741 1054 822 τῇ
1075 738 1181 817 δύσει.
1235 759 1242 771 ·

62 847 178 910 schol.
202 845 384 916 EHMPQV
407 847 530 936 Odyss.
555 848 577 927 β
602 851 629 910 1.
668 881 670 884 -
1198 851 1215 900 5

149 957 169 1017 λ
196 959 244 1018 11.
286 954 323 1018 oc
346 954 383 1018 δὲ
405 957 602 1038 Κερβερίων
632 959 775 1038 (scribunt
801 978 857 1038 pro
880 961 1103 1042 Κιμμερίων),
1140 954 1185 1033 άς

63 1065 209 1148 Κράτης.
233 1067 351 1129 schol.
375 1067 428 1126 PV
451 1067 575 1147 Odyss.
600 1067 618 1128 1.
643 1087 665 1128 s.
690 1065 825 1149 Κράτης
845 1068 959 1150 μέντοι
976 1071 1185 1154 Κερβερίους
1217 1091 1224 1100 ·

63 1167 189 1260 γράφει
207 1170 455 1257 ἀκολουθήσας
482 1169 573 1257 οἶμαι
601 1178 648 1260 τῷ
675 1179 813 1262 κωμικῷ
839 1179 885 1262 τῷ
907 1199 974 1241 που
995 1173 1074 1252 τούς
1096 1183 1184 1263 Κερ-

63 1288 200 1369 βεριόυς
227 1287 377 1362 παίζοντι
408 1287 480 1364 (ran.
509 1307 538 1359 u.
566 1289 644 1368 187).
693 1289 860 1350 Eustath.
890 1292 923 1350 in
952 1291 1080 1370 odyss
1111 1289 1129 1352 1.
1158 1311 1182 1353 s.
1265 1274 1273 1286 ’

64 1417 92 1476 p.
121 1398 216 1467 1671,
240 1397 268 1456 2.
1202 1404 1234 1453 10

150 1507 170 1566 λ
196 1508 232 1567 14
256 1526 299 1586 sq.
338 1503 441 1586 πέρας
463 1503 502 1568 δέ
523 1503 597 1568 ἐστί
615 1528 664 1580 τις
691 1494 784 1591 χάρα
808 1506 929 1590 ἐσχάτη
951 1504 1035 1588 πρὸς
1057 1505 1183 1590 ἄρκτον
1246 1555 1248 1560 -

64 1613 223 1697 κειμένη,
250 1614 288 1678 ἐν
310 1603 332 1699 ᾗ
355 1609 373 1678 ό
394 1613 457 1696 μέν
479 1612 581 1689 πόλος
603 1612 687 1680 κατὰ
701 1613 868 1699 κορυφὴν
889 1619 1034 1698 γίνεται,
1062 1621 1124 1681 τοῦ
1145 1617 1182 1682 δὲ

64 1725 231 1802 ζωδιακοῦ
257 1723 388 1788 κύκλου
414 1721 454 1787 τά
485 1723 515 1798 ς’
543 1723 642 1802 {mma
664 1720 749 1808 ὑπὲρ
776 1723 835 1790 τὸν
858 1721 1009 1810 ὁρίζοντα
1031 1725 1184 1810 ἀπολαμ-

64 1835 221 1918 βάνεται,
245 1833 279 1912 ἓξ
300 1833 337 1898 δὲ
352 1829 493 1898 ύπότὸν
515 1830 668 1919 ὁρίζοντα
683 1830 918 1918 ὑποτέμνεται·
940 1833 976 1919 ἡ
985 1839 1123 1919 μεγίστη
1145 1837 1183 1900 δὲ

63 1942 171 2028 ἡμέρα
186 1941 268 2029 παρ’
286 1940 399 2020 αὐτοῖς
414 1944 610 2028 ἑξαμηνιαία
631 1948 776 2027 γίνεται,
799 1942 928 2028 ὁμοίως
943 1946 980 2010 δὲ
1002 1943 1092 2030 καὶὴ
1109 1946 1181 2024 νύξ.
1203 1953 1233 2002 15

65 2054 121 2119 καὶ
143 2043 273 2118 τούτων
295 2053 357 2137 μὲν
379 2057 447 2118 τεόν
469 2054 582 2120 τόπων
602 2055 701 2124 δοκεῖ
719 2055 951 2139 μνημονεύειν
961 2055 1024 2120 καί
1048 2052 1183 2140 ὀὍμη*

65 2187 139 2250 ρος,
164 2161 209 2239 εᾶς
230 2180 313 2248 φησι
335 2163 469 2248 Κράτης
491 2161 509 2228 6
530 2163 758 2248 γραμματικὸς
780 2163 861 2230 όταν
883 2163 960 2250 περὶ
982 2169 1040 2248 τῆς
1055 2170 1183 2249 Κιμμε-

65 2278 150 2356 ρίων
171 2273 332 2356 οἰκήσεως
355 2274 433 2359 λέγη
457 2277 568 2356 ,,ἕνθα
590 2275 628 2340 δὲ
642 2313 685 2324 —-
699 2279 874 2362 floowwffl
898 2280 928 2357 (λ
948 2280 1090 2361 14-19).
1124 2279 1185 2340 τοῦ

64 2382 129 2470 γάρ
152 2383 260 2450 πόλον
281 2382 366 2450 κατὰ
388 2381 546 2469 κορυφὴν
560 2381 1004 2492 ὑπάρχοντος-ἑξαμηνιαίαν
1026 2385 1088 2470 την
1102 2382 1183 2470 ἡμέ-

65 2519 130 2576 ραν
150 2493 209 2560 καλ
231 2491 293 2578 την
315 2495 422 2560 νύκτα
443 2497 603 2578 γενέσθαι
626 2499 815 2579 συμβαίνει.
853 2499 1011 2580 τρίμηνος
1032 2497 1097 2579 μὲν
1117 2495 1183 2581 γὰρ
1200 2505 1234 2556 20

64 2608 193 2688 γίνεται
217 2606 255 2670 έν
279 2603 346 2692 ἄσην
368 2601 386 2670 ό
406 2604 500 2688 ἥλιος
521 2604 631 2692 χρόνω
654 2603 719 2669 άπὸ
746 2609 807 2668 τοῦ
829 2608 1026 2690 ίσημερινού
1053 2607 1183 2670 κύκλου

64 2711 101 2791 ὃς
122 2713 164 2798 δὴ
188 2712 250 2796 τὴν
272 2718 332 2778 τοῦ
354 2711 521 2799 ὁρίζοντος
537 2715 645 2798 ἐπέχει
659 2715 762 2794 ,τάξιν
784 2714 839 2780 ἐπὶ
861 2711 921 2780 τόν
941 2711 1083 2798 θερινόν
1104 2738 1183 2800 τρο-

65 2823 166 2890 πικὸν
189 2823 325 2890 κύκλον
346 2829 580 2910 παραγίνεται·
614 2826 710 2911 ἑτέρα
734 2825 774 2889 66
799 2829 960 2910 τρίμηνος
997 2825 1035 2890 ἐν
1062 2815 1085 2910 ᾖ
1117 2823 1184 2890 άπὸ

65 2939 126 3000 τοῦ
147 2915 298 3019 θερινοᾶ
314 2939 477 3020 τροπικού
493 2935 548 3000 ε’πὶ
562 2933 622 3002 τόν
638 2933 789 3018 ὁρίζοντα
805 2939 963 3022 καταντᾷ.
1002 2933 1058 3000 καὶ
1073 2936 1184 3000 πάντα

66 3048 188 3110 τοῦτον
209 3042 269 3108 τόν
290 3045 415 3130 χρόνον
436 3043 520 3110 κατὰ
543 3043 621 3122 τούς
646 3041 732 3126 ὑπὲρ
754 3049 820 3130 γῆν
842 3044 989 3120 κύκλους
1010 3045 1184 3131 παραλλη»
1201 3058 1233 3108 25

67 3158 147 3230 λους
164 3154 398 3238 ε’νεχθήσεται·
424 3152 496 3222 ἐπεὶ
519 3156 556 3220 δὲ
578 3159 756 3240 συμβαίνει
777 3153 839 3239 την
857 3161 991 3240 οίκησιν
1004 3155 1130 3239 ταύτην
1146 3157 1184 3221 έν

65 3267 148 3350 μέση
171 3268 213 3349 τῇ
235 3265 469 3351 κατεψυγμένη
491 3264 548 3330 καλ
571 3263 716 3352 ἀοικήτῳ
736 3263 823 3350 ζάνη
843 3261 1025 3350 ὑπάρχειν,
1052 3263 1183 3353 ἀνάγκη

66 3373 123 3440 διὰ
147 3372 272 3450 παντός
293 3375 417 3460 νέφεσι.
433 3375 631 3459 κατέχεσθαι
653 3374 713 3440 τόν
734 3375 839 3442 τόπον
861 3375 918 3440 καὶ
935 3375 990 3440 ἐπὶ
1013 3374 1099 3442 πολι)
1121 3377 1185 3459 βά-

66 3491 129 3560 θος
152 3483 250 3568 ἀέρος
273 3487 513 3570 συνεστηκέναι
535 3484 575 3550 τά
598 3485 684 3570 νέφη
708 3487 764 3550 καὶ
786 3483 830 3569 μη
852 3485 1023 3550 δύνασθαι
1045 3483 1103 3560 τάς
1124 3489 1185 3548 τού

65 3591 165 3679 ἡλίου
188 3591 293 3678 αύγάς
313 3595 509 3662 διακόπτειν
530 3594 571 3660 τά
597 3597 698 3680 νέφη·
730 3592 815 3660 ἄστε
835 3591 981 3678 εὐλόγως
999 3595 1106 3658 νύκτα
1128 3591 1184 3656 διὰ
1202 3603 1235 3652 ,111

67 3702 192 3780 παντὸς
215 3699 300 3770 εἶναι
330 3704 411 3790 παρ’
433 3702 547 3781 αὐτοῖς
574 3705 630 3770 καὶ
660 3705 787 3780 σκότος.
825 3703 908 3768 όταν
928 3705 990 3787 μὲν
1011 3701 1076 3787 γάρ
1097 3699 1183 3786 ὑπὲρ

135 3963 157 3996 ν.
172 3950 186 3996 1
206 3959 277 4011 φησι
295 3937 442 4011 σωκράτης
459 3945 522 4000 m
566 3959 637 4010 φησι
655 3937 794 4011 σωκράτης
812 3947 837 3994 Η
852 3941 865 4012 ll
882 3949 935 3995 καί
953 3945 1085 3994 hocloco
1104 3943 1183 3991 nixus

66 4031 210 4084 Tittmann
234 4031 268 4080 ad
286 4032 384 4080 Zonar.
403 4048 428 4096 p.
451 4029 515 4080 1208
533 4035 589 4080 not.
610 4030 638 4078 ll
658 4031 687 4080 in
706 4035 787 4094 etym.
807 4045 897 4093 magn.
916 4028 1013 4094 p.›513
1030 4043 1055 4077 u.
1074 4027 1180 4092 Κιμμε-

66 4115 148 4178 ρίους
166 4132 214 4180 pro
234 4113 386 4180 Σοφοκλῆς
405 4115 477 4164 coni.
496 4104 512 4164 6
530 4106 620 4178 σοφὸς
636 4107 752 4179 Κράτης
777 4107 789 4180 Π
815 4131 838 4162 ιι.
853 4117 869 4163 8
887 4112 926 4176 τῷ
943 4126 1000 4160 που
1018 4111 1116 4175 scripsi
1134 4125 1183 4175 pro

66 4191 157 4250 τόκον
167 4196 179 4254 11
191 4197 366 4264 Κερβερίους
389 4213 458 4248 corr.
477 4197 655 4262 Sengebusch
673 4199 737 4250 diss,
757 4199 860 4247 Homer
877 4197 890 4245 I
907 4213 935 4261 p.
956 4193 1004 4244 180
1020 4210 1069 4260 pro
1087 4191 1180 4260 βερβε·

68 4282 150 4349 ρίους
161 4282 174 4352 fl
184 4303 207 4335 u.
223 4287 258 4334 30
275 4277 377 4342 νυκτὸς
396 4282 467 4349 coni.
486 4281 619 4332 Petauius
630 4277 644 4347 ss
654 4300 677 4332 ιι.
693 4285 727 4332 31
745 4277 795 4331 καλ
813 4280 907 4330 addidi

991 4363 1032 4426 4*
